4266 5678
1174 349 1192 416 ι
1985 339 1988 426 ι

1080 449 1288 460 .-.----

299 575 394 620 mimo
425 564 485 631 est,
520 556 568 633 qui
598 571 665 614 rese
692 552 810 616 madeat
837 561 995 634 praestare.
1041 551 1142 632 ltaque
1169 509 1207 612 er
1235 559 1299 614 toto
1326 550 1433 616 ambitu
1462 555 1603 634 nominis,
1638 555 1686 633 qui
1715 554 1771 620 hnc
1798 554 1866 619 loco
1889 543 1990 636 ample*

299 675 400 721 omncs
423 659 571 732 homines,
594 663 793 737 perstantium
816 659 945 717 sumitur.
989 655 1056 718 lam
1076 674 1149 734 vero
1171 657 1353 736 participium
1376 657 1402 718 si
1425 654 1610 721 adhiheatur:
1643 673 1744 719 omnes
1766 656 1899 720 homines
1922 655 1992 738 prad

299 765 407 824 ceteris
430 760 603 822 animalibus
625 759 882 836 amastridenus,
912 757 1020 839 duplex
1041 760 1242 840 interpretatio
1265 756 1360 820 locum
1383 757 1493 824 habere
1515 768 1621 839 puteat.
1667 760 1698 821 st
1720 759 1894 836 adjectivum
1918 781 1983 824 esse

298 869 421 943 munna,
444 863 564 926 eandem
579 866 637 924 vim
655 865 683 923 ei
698 861 827 924 tribucre
844 861 983 924 dehemus
999 871 1085 942 atque
1100 865 1262 924 remanum
1278 862 1428 924 relatirae.
1473 863 1524 926 Sia
1546 882 1619 926 rere
1642 865 1824 945 participium
1846 884 1901 944 pro
1924 865 1992 943 adje

299 986 358 1030 non
379 967 534 1044 ιιιιιειιιιιι,
557 966 699 1028 debemur
720 965 818 1027 locum
840 965 925 1028 aliter
947 968 1141 1046 interpretari.
1186 964 1258 1028 llam
1272 967 1476 1045 participium,
1498 965 1577 1046 qnod
1598 969 1745 1048 propriam
1768 967 1851 1035 verlri
1874 972 1931 1030 vim
1954 979 1992 1032 ret

299 1090 357 1134 non
375 1089 485 1135 ,nomen
508 1072 601 1150 ipnra
625 1071 715 1132 artius
738 1068 854 1146 definit,
875 1069 929 1130 sed
951 1072 1081 1130 continet
1102 1077 1194 1130 totum
1213 1087 1319 1130 nomen
1335 1070 1364 1133 id
1379 1078 1425 1130 est
1440 1069 1541 1132 ornnes
1556 1071 1698 1136 homiues.
1738 1072 1840 1152 ltaque
1869 1091 1927 1136 nou
1948 1073 1992 1134 att

299 1193 392 1254 geras
419 1174 568 1234 hominum
596 1172 681 1234 alteri
710 1175 882 1254 opponitur,
917 1171 972 1234 sed
1001 1172 1037 1232 de
1065 1175 1143 1233 omni
1173 1191 1284 1252 penore
1313 1172 1461 1236 hominurn
1483 1176 1592 1254 pariter
1614 1178 1725 1254 agitur,
1759 1178 1788 1240 in
1812 1193 1913 1240 omues
1936 1177 1992 1240 hon

298 1281 407 1358 pariter
429 1277 521 1355 cadit,
546 1275 625 1356 quod
647 1277 738 1338 rerbo
759 1276 841 1337 linito
865 1278 1051 1353 annunciatur,
1074 1284 1200 1338 attamen
1222 1277 1469 1353 reconditione,
1491 1287 1523 1340 ut
1537 1279 1682 1342 studeant.
1719 1277 1804 1353 Quot
1820 1288 1915 1342 autem
1940 1280 1976 1339 ad

298 1401 361 1444 snm
384 1386 499 1460 attinet,
532 1381 604 1442 nihil
626 1380 731 1457 refert,
765 1389 859 1441 utrum
882 1380 957 1442 tane
980 1399 1016 1440 an
1038 1378 1120 1440 illam
1142 1381 1411 1460 interpretationem
1433 1382 1656 1461 amplectamur,
1690 1383 1720 1446 id
1747 1382 1825 1462 quod
1848 1385 1972 1444 maxine

298 1488 419 1567 spiritur
442 1488 658 1566 comparatione
682 1485 811 1545 instituta
834 1502 900 1544 eum
923 1492 1022 1544 nostra
1047 1483 1159 1562 lingua.
1204 1484 1284 1546 llaec
1309 1489 1453 1546 structura
1482 1487 1522 1546 itn
1550 1486 1691 1550 vertenda
1718 1496 1776 1550 est:
1813 1483 1871 1554 ate
1899 1481 1992 1566 sJJlettl

297 1597 386 1654 tesan
413 1585 450 1664 lie
479 1585 529 1670 Γιιιι
557 1603 610 1652 um
638 1581 864 1669 dntrddnuug
892 1582 1053 1668 temutes,
1086 1585 1153 1647 itta:
1186 1583 1242 1652 cite
1271 1583 1321 1670 tid)
1350 1603 1403 1652 um
1425 1583 1650 1672 insacietatem
1677 1585 1876 1670 tertationem
1900 1585 1990 1668 illem

272 1741 281 1776 ,
298 1695 338 1756 ita
360 1703 391 1754 ut
412 1693 513 1754 videas
535 1691 589 1752 has
608 1699 767 1752 structuras
790 1693 866 1751 inter
884 1707 920 1750 se
943 1691 1100 1769 permutari
1123 1707 1211 1769 posse
1234 1699 1320 1769 atque
1342 1692 1381 1750 ita
1404 1690 1537 1770 quidam,
1566 1700 1597 1752 ιιι
1618 1691 1690 1755 nihil
1713 1711 1833 1773 prorsas
1859 1695 1935 1754 iuter
1957 1701 1992 1752 uu

299 1799 500 1877 quainteratt.
545 1794 643 1868 Quare
664 1793 722 1854 hoc
744 1793 860 1873 atridem
884 1795 996 1873 capite,
1027 1810 1084 1872 quo
1107 1795 1203 1872 agitur
1225 1793 1262 1855 de
1284 1795 1320 1854 its
1342 1796 1519 1873 participiis,
1543 1813 1619 1874 qnae
1643 1805 1710 1858 sunt
1730 1814 1783 1875 pro
1806 1795 1960 1871 adieetivis
1989 1813 1992 1855 ι

297 1901 419 1976 dativis,
443 1897 598 1960 dicendum
620 1900 678 1960 erit
697 1899 850 1977 tripartito.
918 1969 921 1978 ,
1212 1895 1244 1962 ’.

426 2004 615 2082 ltprimum
637 2000 755 2081 quidem
778 2001 815 2062 dc
839 2019 875 2062 eo
898 2019 1011 2078 genere
1030 1999 1177 2079 xagendum
1199 2009 1259 2076 est,
1282 2000 1311 2060 in
1334 2018 1392 2078 qao
1414 2001 1568 2079 participia
1589 2000 1769 2081 respondent
1790 2002 1941 2064 sententiis
1963 2020 1992 2060 ιι

297 2109 357 2185 vis,
391 2107 496 2188 quibus
524 2109 655 2168 incertae
681 2125 729 2168 res
758 2117 858 2170 certae
885 2105 1034 2183 ouJucdom
1063 2105 1175 2186 spectat
1203 2101 1415 2164 describuntur.
1466 2102 1603 2165 Ceterum
1631 2113 1662 2168 ιιι
1687 2104 1745 2166 lnce
1774 2106 1896 2184 primum
1924 2123 1991 2166 mo,

298 2212 387 2272 multo
411 2211 497 2276 latius
519 2219 600 2290 patot
620 2229 690 2270 usus
712 2212 858 2290 participii
880 2211 1004 2288 perfecti
1026 2211 1136 2290 passivi
1159 2225 1244 2286 quam
1266 2209 1430 2296 praesentis
1452 2209 1548 2268 activi.
1583 2206 1763 2286 Quamquam
1786 2207 1834 2270 hic
1856 2226 1964 2287 quoqne

298 2314 374 2394 apud
402 2314 570 2374 Sallustium
597 2331 693 2393 aequa
727 2305 814 2392 at'que
847 2312 925 2392 apud
954 2312 1109 2373 Caesarem
1136 2313 1229 2390 magis
1257 2312 1490 2390 circumscriptus
1523 2320 1584 2388 est,
1619 2329 1704 2388 quam
1732 2310 1809 2390 apud
1837 2311 1960 2377 Ciceron
1989 2331 1992 2370 π

297 2416 424 2494 Liviam,
459 2417 535 2496 apud
564 2433 638 2496 qnos
666 2419 752 2478 etiam
780 2419 1026 2496 comparationem
1049 2415 1202 2476 admittunt
1224 2415 1365 2492 ejusmodi
1389 2416 1551 2495 participia.
1595 2413 1704 2476 ilerum
1726 2416 1955 2494 participiorum,

296 2520 386 2598 vulgo
410 2521 505 2581 futuro
528 2521 636 2600 passivi
659 2519 873 2596 adscribantur,
908 2529 1147 2580 revomentem
1170 2521 1316 2600 praesenti
1340 2519 1450 2598 passivi
1477 2517 1660 2578 attribuenda
1687 2527 1768 2594 sunt,
1802 2517 1876 2597 apud
1900 2518 1949 2577 Sal
1989 2537 1992 2578 t

297 2623 414 2702 quidem
437 2623 545 2684 nullum
567 2626 686 2703 sepelio
709 2623 893 2703 exemplum,
930 2621 1008 2702 quod
1031 2624 1069 2684 sit
1091 2641 1147 2684 uon
1163 2623 1209 2683 ad
1230 2621 1350 2682 verbum
1374 2621 1498 2697 finitum,
1528 2620 1580 2682 ned
1603 2620 1640 2682 ad
1662 2619 1748 2684 aliam
1771 2623 1933 2682 sententiae
1989 2643 1992 2681 ι

170 2755 174 2771 ‹
296 2728 336 2786 ita
365 2726 503 2803 relatum,
536 2736 567 2786 ut
595 2725 731 2802 adjectivi
760 2725 917 2787 attributivi
941 2726 1035 2788 locum
1059 2726 1198 2787 obtineat.
1243 2725 1422 2804 Quamquam
1445 2724 1519 2805 apud
1543 2724 1616 2785 alios
1639 2726 1796 2802 scriptores
1818 2725 1866 2790 hic
1888 2742 1944 2784 usu
1989 2744 1992 2780 t

295 2830 456 2907 reperitur,
482 2827 560 2908 apud
584 2846 673 2907 quos,
703 2836 734 2889 ιιι
756 2828 921 2909 exemplum
942 2846 1065 2908 ponam,
1091 2827 1251 2890 laudandus
1273 2829 1297 2888 is
1320 2828 1514 2905 significetur,
1538 2828 1587 2905 qui
1609 2835 1640 2888 ut
1663 2825 1795 2892 laudetur
1818 2827 1880 2888 lieni
1904 2845 1939 2905 po
1989 2836 1992 2886 t

296 2935 345 3011 qut
367 2930 453 2992 lande
477 2930 582 3011 dignus
606 2935 657 3008 stt,
691 2949 787 3011 neque
809 2931 1034 3011 negligendum,
1068 2933 1145 3012 quod
1168 2930 1318 2992 Walcluins
1341 2930 1378 2990 ad
1400 2929 1490 2991 Taciti
1513 2930 1671 3008 Agricolae
1694 2947 1722 3008 p.
1747 2925 1811 2990 352
1834 2932 1936 2991 monui*

295 3036 448 3114 participia
469 3043 626 3114 propterea
649 3036 677 3095 iu
693 3014 770 3095 hunc
785 3053 901 3096 sensnm
916 3043 1053 3114 usurpata
1075 3034 1180 3111 fuisse,
1215 3034 1291 3112 qnod
1315 3033 1458 3113 adjectiva
1481 3037 1510 3094 in
1533 3033 1622 3110 „ilis“
1645 3031 1792 3094 deessent.
1837 3030 1932 3092 Omnis
1989 3051 1992 3090 ι

294 3137 373 3199 modi
402 3139 572 3218 partieipia,
606 3155 680 3215 quae
710 3137 785 3218 apud
813 3138 981 3199 Sallustium
1010 3137 1159 3215 leguntur,
1193 3147 1242 3198 aut
1270 3139 1397 3199 retineat
1425 3139 1571 3218 propriam
1599 3136 1682 3200 verbi
1709 3134 1927 3213 significationen

295 3242 511 3320 oppositionem
534 3242 703 3300 contineant
723 3244 767 3300 rei
788 3240 881 3302 terlio
904 3241 985 3302 linito
1009 3240 1153 3301 indicatae
1175 3240 1255 3301 velut
1276 3239 1338 3303 Get.
1365 3237 1415 3302 10.
1437 3238 1473 3316 t,
1508 3249 1556 3302 aut
1583 3241 1642 3302 rim
1669 3237 1829 3319 praedicati
1856 3237 1923 3300 tat«
1989 3257 1992 3304 t

236 3323 255 3350 ''
294 3341 363 3419 tog.
390 3339 421 3404 3ss
447 3341 475 3404 l.
519 3343 595 3404 Usus
617 3344 762 3422 participii
784 3343 873 3404 futuri
902 3346 1003 3421 activi,
1037 3346 1062 3404 si
1092 3342 1264 3406 discesseris
1292 3345 1329 3406 ab
1356 3362 1415 3404 uuo
1443 3343 1530 3419 loeo,
1563 3343 1631 3419 lug.
1655 3340 1706 3404 27.
1730 3337 1767 3418 3,
1802 3341 1852 3405 ubi
1881 3360 1918 3420 pa
1989 3360 1992 3421 Ι

294 3444 448 3522 „futums“
470 3446 607 3522 adjectivi
632 3445 851 3523 significatione
880 3449 1007 3528 positum
1036 3434 1095 3522 est,
1128 3446 1205 3526 apud
1233 3447 1400 3510 Sallustium
1428 3445 1527 3508 nullus
1554 3454 1613 3522 est,
1647 3453 1734 3523 atque
1762 3445 1879 3507 omnino
1906 3462 1915 3502 s

293 3547 443 3610 interioris
470 3548 585 3610 demum
612 3553 716 3610 aetads
744 3552 900 3630 participio
928 3550 1017 3611 taturi
1042 3552 1129 3610 activi
1150 3551 1209 3612 hoc
1231 3550 1370 3612 liberiore
1392 3549 1478 3611 medo
1500 3550 1545 3610 usi
1569 3556 1643 3610 suut.
1689 3546 1775 3622 Quod
1798 3556 1892 3610 autem
1990 3571 1992 3600 ι

293 3651 457 3730 praesentis
477 3655 565 3712 activi
594 3655 781 3736 minnsapta
802 3663 884 3730 aunt,
919 3670 994 3732 quae
1017 3656 1046 3713 in
1069 3652 1205 3728 adiectivi
1228 3653 1471 3730 significationem
1493 3651 1614 3727 abeant,
1648 3669 1732 3729 quam
1761 3652 1907 3730 participis
1989 3671 1992 3686 ·

294 3756 420 3835 passivi,
453 3755 515 3829 ejus
543 3758 587 3816 rei
616 3774 704 3818 eausa
732 3756 899 3835 quaerenda
928 3764 973 3818 est
1000 3758 1030 3816 in
1060 3757 1188 3836 ipsorum
1217 3759 1245 3817 vi
1275 3775 1309 3816 ac
1338 3765 1449 3818 namra.
1493 3755 1663 3818 dativorum
1686 3755 1764 3818 enim
1786 3753 1902 3816 verboru

294 3867 354 3936 est,
388 3859 524 3918 utactio
552 3858 694 3936 quaedam
721 3861 842 3940 proprio
869 3877 922 3920 suo
951 3857 1085 3934 subjecto
1114 3860 1272 3936 tribuatur,
1307 3879 1344 3920 ex
1371 3876 1429 3938 quo
1453 3867 1588 3938 tanquam
1611 3875 1648 3918 ex
1671 3857 1752 3920 fonte
1774 3874 1827 3920 suo
1856 3873 1899 3935 prr
1989 3877 1992 3908 ι

294 3963 475 4041 passivorum
501 3969 596 4020 autem
622 3971 724 4024 natura
753 3970 797 4022 est
824 3980 876 4037 ea,
908 3970 941 4022 ιιι
967 3963 1043 4022 aetio
1072 3961 1169 4041 aliqua
1196 3965 1280 4041 quasi
1299 3980 1421 4040 agressa
1442 3969 1616 4042 potestatem
1639 3961 1762 4036 subjecti
1785 3960 1894 4038 proprii

293 4063 363 4125 ralis
391 4063 428 4125 ad
457 4065 545 4126 linem
566 4049 654 4127 'sunm
683 4064 857 4140 adducatur,
891 4067 930 4126 ita
959 4073 991 4124 ιιι
1013 4067 1126 4146 proprii
1147 4065 1273 4142 subiecti
1294 4065 1424 4145 partibus
1446 4064 1608 4126 obscuratis
1631 4083 1665 4124 ea
1687 4080 1735 4124 res
1757 4061 1889 4140 potissim
1990 4087 1992 4116 t

295 4170 421 4244 tangitur
453 4167 508 4228 hac
540 4153 865 4245 autoramentum
894 4167 1149 4249 habeatpondns.
1216 4167 1326 4242 Quodsi
1354 4165 1475 4229 verbum
1503 4170 1626 4228 activum
1654 4182 1708 4244 per
1736 4165 1887 4244 participio
1989 4187 1992 4218 ι

294 4266 383 4328 alicui
404 4269 533 4348 additur,
568 4269 646 4349 quod
669 4270 777 4350 pendet
799 4289 837 4330 ex
858 4271 948 4332 verbo
972 4271 1069 4348 linito,
1102 4271 1166 4333 iteri
1194 4289 1252 4332 aon
1274 4279 1387 4350 potest,
1421 4273 1491 4348 quin
1518 4270 1644 4348 scriptor
1671 4269 1833 4344 actionem,
1867 4285 1883 4346 q
1990 4287 1992 4324 ι

293 4371 373 4450 cipio
399 4373 524 4436 indicata
552 4374 587 4435 ab
616 4373 669 4436 illo
699 4376 816 4434 nornine
844 4373 1056 4454 proficiscitur,
1090 4373 1175 4436 aliter
1202 4383 1288 4453 anpue
1311 4375 1352 4434 ita
1374 4375 1532 4452 exprimat,
1565 4381 1597 4432 ιιι
1621 4369 1656 4434 alr
1680 4373 1745 4452 ipsc
1768 4371 1859 4436 verbo
1991 4433 1992 4436 ,

293 4472 427 4555 pomlem
458 4479 582 4558 recipiat
613 4478 855 4538 terminationem.
920 4475 1022 4538 Omnis
1049 4479 1126 4542 enin
1153 4480 1246 4552 amin,
1282 4495 1348 4540 aunt
1376 4479 1406 4536 ιιι
1434 4484 1513 4536 certa
1541 4474 1639 4553 aliqua
1671 4494 1703 4540 re
1736 4483 1874 4555 ponatur,
1989 4489 1992 4530 ι

292 4586 403 4640 mutum
432 4577 543 4656 aliquid
570 4579 706 4657 denotat,
740 4577 819 4658 quod
845 4579 938 4640 semel
960 4581 1047 4644 modo
1070 4581 1117 4658 iit,
1151 4579 1232 4659 qnod
1253 4596 1312 4658 quo
1334 4588 1467 4658 tempora
1489 4576 1553 4640 lieri
1575 4578 1761 4657 cogitandum
1783 4579 1835 4651 sit,
1868 4593 1871 4601 ¹

293 4680 467 4743 declaratur.
510 4681 610 4755 Quare
630 4685 711 4745 notio
733 4672 873 4760 actionis,
897 4702 973 4762 quae
995 4705 1066 4752 varo
1090 4701 1124 4746 ac
1144 4683 1266 4764 proprio
1288 4699 1377 4746 sensu
1392 4682 1433 4744 ita
1447 4681 1627 4757 nominatur,
1650 4681 1707 4742 huc
1723 4697 1782 4744 noa
1796 4678 1868 4758 perti

292 4781 491 4846 auuumoto
513 4782 602 4844 verba
623 4788 719 4848 activa
742 4789 940 4868 excipiuntur,
975 4809 1100 4886 quorum
1121 4788 1277 4868 participia
1297 4785 1478 4868 praesentis,
1508 4785 1535 4848 si
1558 4802 1622 4847 eum
1644 4783 1783 4863 genetivo
1806 4797 1862 4852 coa

294 4887 439 4954 amaduut
465 4888 605 4968 temporis
632 4891 771 4952 meminus
798 4899 828 4952 at
856 4892 884 4953 iu
914 4895 1128 4984 adjectivorum
1151 4899 1288 4958 naturam
1307 4897 1466 4954 trameant
1510 4885 1600 4964 cuns
1621 4887 1666 4948 rei
1688 4899 1804 4948 causam
1825 4881 1860 4944 ιιι
