4266 5678
1068 373 1115 443 10

205 580 322 638 actione
345 578 491 656 objectum
513 577 633 658 aliquod
656 587 764 639 tantum
787 577 835 638 val
858 578 978 658 proprio
1000 576 1049 638 vel
1072 577 1323 650 translatosensu
1345 581 1472 658 tangitur
1493 581 1532 642 ita
1555 581 1688 660 quidam,
1721 590 1754 643 ut
1781 583 1845 659 ejus
1874 591 1974 646 natura

205 699 266 742 non
288 690 426 758 mutetur,
450 698 508 742 nou
531 691 654 762 possunt
676 699 730 762 pro
753 679 905 760 adjectivis
927 684 1069 760 usurpari.
1114 680 1177 742 lluc
1198 683 1345 762 pertinent
1367 685 1463 744 omnia
1484 683 1591 760 verba,
1625 685 1730 764 quidus
1759 685 1835 746 actio
1857 685 1975 764 signill-

207 793 303 862 catur,
327 802 401 864 quae
423 801 478 866 per
499 784 647 846 hominnm
669 801 774 845 sensns
795 783 844 844 vel
857 787 981 846 animum
997 785 1029 845 iit
1042 784 1134 845 valoti
1149 783 1288 862 „audirc,
1311 787 1431 863 dicere,
1456 803 1635 864 memorare,
1659 791 1824 868 cogitare“.
1871 783 1974 868 Neque

208 891 301 966 magis
323 890 476 968 participia
500 907 602 949 eornm
623 887 779 949 verborum
801 889 832 947 in
854 887 990 965 adjectivi
1011 889 1069 948 vim
1093 889 1215 948 nansire
1237 899 1376 969 possunt,
1399 909 1522 970 quornm
1545 892 1660 952 actione
1681 909 1730 952 res
1744 891 1844 972 aliana
1858 890 1975 972 simpli-

206 993 280 1052 citer
296 991 422 1053 eflicitur
436 991 485 1051 vel
507 999 678 1072 procreatur
700 991 791 1052 veluti
813 991 980 1067 „scribere,
1003 989 1193 1052 aedificare“.
1236 992 1314 1054 Nam·
1331 995 1468 1054 notiones
1489 1012 1601 1070 rerum,
1625 1011 1700 1073 qaae
1722 997 1811 1056 menti
1833 996 1975 1056 humanae

206 1097 319 1170 insunt,
353 1111 408 1174 per
428 1111 461 1154 se
484 1101 619 1155 consmnt
641 1102 710 1155 eta
732 1094 820 1154 rebus
842 1096 914 1175 ipsis
936 1109 1056 1175 prorsus
1077 1105 1145 1156 sunt
1165 1098 1316 1174 saJunctac
1338 1115 1374 1157 ac
1395 1107 1568 1178 separatae,
1601 1101 1640 1159 ita
1667 1107 1700 1160 ut
1727 1098 1798 1159 ninii
1826 1097 1912 1158 iaciat
1939 1093 1975 1158 ad

208 1199 343 1258 notiones
365 1199 445 1276 ipsas
467 1197 663 1274 definiendas,
699 1199 762 1258 siva
784 1215 849 1274 res,
879 1215 955 1276 quae
977 1198 1030 1258 sub
1052 1215 1103 1257 eas
1126 1199 1246 1276 cadunt,
1281 1201 1410 1260 existant
1432 1203 1495 1260 sive
1517 1217 1575 1261 non
1598 1203 1736 1263 existunt.
1780 1201 1882 1279 ltaque
1903 1217 1976 1280 par·

208 1302 309 1381 ticipia
333 1317 433 1360 eorum
456 1299 629 1378 verborum,
657 1317 779 1380 quorum
802 1303 917 1362 actione
940 1300 1081 1377 eflicitur,
1104 1303 1266 1382 utaliquid
1288 1305 1340 1380 ait,
1364 1321 1422 1364 non
1445 1305 1484 1364 ita
1506 1302 1648 1365 accedere
1670 1313 1792 1385 possunt
1812 1303 1850 1363 ad
1871 1317 1978 1362 nomen

210 1402 344 1482 aliquod,
368 1411 401 1462 ut
422 1421 459 1463 ex
482 1403 594 1464 duabus
615 1403 735 1464 vocibus
754 1405 863 1480 junctis
886 1407 995 1464 oriatur
1017 1421 1112 1463 novae
1134 1407 1246 1484 speciei
1267 1407 1359 1466 notio.
1404 1403 1507 1483 Certe,
1530 1415 1561 1466 ut
1575 1406 1742 1486 exemplum
1758 1423 1874 1487 ponam,
1896 1406 1977 1464 notio

209 1505 355 1584 „domus“
371 1505 445 1566 nihil
461 1515 594 1584 mutatur,
610 1509 673 1567 sive
685 1508 867 1587 participium
882 1505 1077 1584 „aediicata“
1092 1507 1206 1596 accepit
1220 1509 1284 1568 sive
1298 1526 1357 1570 uon
1374 1508 1495 1570 accedit.
1523 1508 1587 1570 lloc
1601 1513 1694 1590 ipsum
1709 1528 1767 1570 uon
1782 1512 1877 1572 minas
1891 1509 1977 1567 etiam

207 1608 287 1670 valet
308 1608 345 1668 ds
367 1610 527 1690 participiis
550 1627 649 1670 eorum
671 1609 844 1686 verborum,
873 1626 949 1688 quae
971 1608 1080 1691 habeat
1101 1613 1273 1672 contrariam
1297 1613 1341 1686 ei,
1370 1609 1407 1670 de
1430 1611 1597 1690 quamodo
1621 1612 1696 1690 dixi,
1724 1612 1976 1690 significationem.

207 1711 309 1774 Potest
331 1717 407 1774 enim
430 1716 506 1774 actio
529 1713 596 1774 talis
619 1731 702 1789 essa,
725 1715 757 1774 ut
778 1713 941 1790 objectum,
963 1713 1040 1791 quod
1064 1715 1191 1791 tangitur
1214 1713 1270 1773 lrac
1292 1715 1422 1791 actione,
1444 1723 1547 1796 pereat
1567 1715 1659 1777 veluti
1681 1715 1835 1794 „delere“.

337 1815 431 1877 Unam
454 1817 619 1898 exemplum
637 1818 783 1896 reperitur
798 1815 875 1896 apud
890 1815 1073 1894 Sallustium,
1089 1817 1139 1878 nbi
1154 1818 1337 1898 participium
1353 1817 1564 1894 „aediiicatns“
1579 1838 1633 1900 pro
1649 1820 1795 1897 adjectivo
1810 1826 1976 1898 usurpatum

209 1928 263 1981 est.
308 1919 542 1982 Consentaneum
565 1928 661 1980 antem
684 1930 728 1981 eat
749 1919 797 1979 hic
819 1921 1004 2000 participium
1026 1919 1105 1980 nude
1127 1922 1254 2001 positam
1276 1937 1335 1980 non
1357 1919 1495 1982 sulficere
1516 1921 1553 1984 ad
1569 1922 1736 2002 qualitatem
1757 1924 1883 1982 nominis
1898 1921 1977 1982 deli-

209 2022 344 2084 niendam
367 2026 568 2086 cinctionem
591 2033 689 2084 certae
712 2024 822 2103 speciei
846 2025 943 2084 auimo
967 2023 1162 2100 offerendam,
1185 2023 1238 2084 sed
1260 2041 1382 2084 necesse
1406 2041 1473 2084 esse
1495 2022 1563 2085 addi
1585 2023 1710 2104 aliquid,
1733 2043 1791 2104 quo
1808 2007 1976 2100 denotetur,

209 2144 268 2206 quo
290 2127 377 2188 modo
401 2129 477 2188 actio
501 2127 606 2187 edecta
628 2129 675 2186 sit.
720 2126 840 2205 Legitur
862 2126 944 2188 locas
965 2125 1028 2188 (lat.
1054 2124 1104 2190 la.
1127 2124 1163 2188 3:
1185 2144 1316 2207 „operae
1338 2128 1462 2207 pretinm
1484 2136 1544 2205 est,
1567 2145 1633 2188 cum
1655 2127 1758 2188 domos
1781 2136 1869 2206 atque
1890 2127 1977 2187 villas

209 2231 385 2307 cognoveris
408 2232 437 2290 iu
462 2228 574 2290 urbium
597 2228 713 2290 modum
737 2228 957 2305 exaedificatas,
979 2231 1076 2290 visere
1099 2230 1207 2310 templa
1229 2229 1365 2306 deorum,
1389 2247 1465 2308 qnae
1479 2233 1572 2291 nostri
1587 2231 1730 2307 majores,
1753 2229 1977 2308 religiosissumi

208 2333 363 2411 mortales,
385 2333 517 2396 iecere“.
551 2333 614 2394 lloc
628 2335 658 2394 iu
674 2332 810 2414 exemplo
833 2351 898 2393 com
920 2332 1090 2410 denotetur,
1113 2332 1260 2412 quomodo
1284 2332 1386 2392 domas
1409 2341 1439 2392 et
1460 2332 1549 2394 villae
1572 2333 1780 2395 exaedificatae
1802 2335 1875 2409 sint,
1898 2339 1977 2392 certa

208 2440 325 2517 species
349 2437 499 2499 domorum
523 2447 554 2498 et
575 2437 709 2498 villarum
731 2436 919 2516 significator.
964 2436 1029 2496 Nou
1058 2433 1089 2496 id
1117 2437 1229 2514 agitur,
1262 2442 1293 2494 ut
1321 2444 1421 2496 certae
1442 2435 1577 2516 singulae
1600 2435 1703 2498 domus
1725 2445 1756 2498 et
1776 2435 1867 2496 villae
1889 2451 1978 2494 mon-

208 2549 351 2619 strentor,
382 2540 435 2601 sed
458 2548 568 2601 tautam
591 2541 636 2619 id,
665 2549 697 2601 ut
720 2538 864 2618 ejusmodi
888 2538 991 2600 domos
1013 2546 1044 2598 et
1063 2537 1149 2599 villas
1172 2556 1239 2600 esse
1261 2540 1451 2617 significetur.
1502 2539 1561 2600 Sed
1582 2539 1666 2614 ride,
1694 2557 1779 2620 quam
1802 2538 1917 2601 diversa
1938 2537 1977 2596 ait

209 2645 343 2706 condicio
373 2647 536 2706 sententiaa
565 2646 720 2720 relativae,
754 2662 830 2723 quae
853 2645 881 2703 in
904 2642 999 2704 altero
1022 2644 1168 2704 enunciari
1191 2641 1321 2702 membro
1344 2642 1462 2722 legitur.
1505 2641 1577 2703 Nam
1600 2660 1665 2704 cnm
1687 2642 1816 2704 vinolio
1840 2639 1975 2720 exemplo

208 2747 382 2807 luculentius
405 2746 595 2825 demonstrari
617 2749 726 2827 possit,
749 2745 818 2824 quid
842 2747 955 2806 intersit
976 2747 1052 2806 iuter
1075 2754 1226 2823 utramque
1242 2753 1429 2822 structuram,
1452 2745 1598 2806 hocloco
1621 2746 1691 2808 milri
1713 2745 1803 2808 liceat
1825 2747 1853 2805 in
1876 2753 1976 2804 naun

208 2867 294 2910 cursu
316 2857 438 2928 tangere
460 2867 538 2928 rem,
561 2849 598 2910 dc
621 2865 678 2928 qua
701 2849 850 2928 copiosius
872 2848 949 2910 inira
970 2847 1123 2909 dicendum
1147 2853 1211 2910 erit.
1257 2848 1407 2909 Sententia
1422 2847 1544 2910 relativa
1560 2849 1715 2910 Sallustius
1730 2855 1871 2909 monstrat
1892 2847 1976 2925 quasi

208 2961 289 3014 certa
310 2951 435 3033 templa,
458 2962 489 3013 ut
511 2955 626 3034 possint
649 2952 782 3031 dignosci
804 2953 841 3012 ab
864 2955 900 3012 iis
923 2951 1057 3032 templis,
1086 2968 1161 3030 quae
1183 2969 1236 3012 auo
1259 2961 1391 3030 ternpore
1413 2951 1565 3012 aedificata
1587 2953 1653 3014 sint.
1699 2950 1802 3026 Qualia
1825 2952 1884 3010 sint
1904 2949 1977 3010 haec

207 3055 327 3135 templa,
350 3072 409 3116 nou
431 3056 622 3133 describitur,
645 3057 733 3115 immo
755 3072 827 3116 vero
851 3073 910 3116 non
933 3056 997 3118 sine
1020 3056 1146 3134 quodam
1168 3056 1301 3116 acumina
1324 3063 1404 3115 certa
1426 3061 1535 3115 tautum
1557 3054 1665 3136 templa
1688 3053 1859 3134 simpliciter
1881 3051 1977 3112 deno-

207 3166 312 3222 tantur.
356 3155 428 3218 Nam
451 3159 571 3220 multum
596 3158 665 3219 facit
690 3156 727 3219 ad
757 3161 899 3220 orationis
926 3161 984 3219 vim
1013 3160 1175 3218 instinctius
1204 3157 1409 3238 proferendam
1436 3166 1466 3218 et
1493 3158 1673 3238 aagendam,
1706 3159 1731 3218 si
1758 3165 1840 3217 certa
1867 3151 1977 3232 templa

207 3263 319 3340 legenti
347 3265 430 3344 quasi
457 3281 528 3343 prae
557 3262 653 3324 oculis
680 3271 827 3344 ponuntur
854 3261 934 3323 nulla
963 3264 1109 3322 mentione
1136 3263 1258 3339 injecta,
1293 3262 1390 3342 qualia
1413 3270 1510 3322 essem
1532 3261 1584 3321 illa
1606 3261 1730 3342 templa,
1765 3277 1829 3319 cum
1851 3259 1978 3336 scriptor

207 3366 287 3426 malit
309 3366 429 3427 adrem
452 3384 504 3426 sna
526 3375 622 3427 mente
646 3365 771 3446 amplius
793 3365 1018 3426 adumbrandam
1041 3365 1180 3426 lectorem
1203 3368 1325 3426 invitare
1353 3381 1440 3444 quam
1467 3367 1532 3446 ipse
1560 3364 1669 3426 diserta
1696 3362 1877 3441 significare,
1906 3357 1977 3438 quid

208 3471 323 3529 intersit
344 3469 420 3529 inter
441 3471 592 3548 utriusque
614 3471 734 3547 generis
757 3469 899 3529 aedilicia.
944 3468 1082 3544 Accedit,
1110 3469 1189 3546 qnod
1212 3469 1349 3548 frigidum
1372 3479 1460 3548 atque
1482 3450 1635 3529 molestum
1659 3467 1763 3527 inisset
1784 3465 1975 3544 dignitatique

207 3570 381 3652 templorum
404 3589 462 3632 non
485 3574 681 3649 conveniens,
714 3573 739 3632 si
768 3571 905 3632 admbuto
929 3559 1027 3652 aliquo
1050 3573 1264 3654 simplicitatem
1287 3574 1498 3634 sterilitatem
1520 3572 1623 3632 horum
1645 3569 1819 3650 templorum
1841 3574 1976 3628 accurate

210 3674 377 3736 describere
399 3674 552 3734 voluisset.

337 3777 428 3839 Porro
451 3787 630 3858 usurpantur-
648 3775 785 3854 adjectivi
807 3781 838 3838 vi
861 3780 1015 3859 participia
1036 3780 1242 3840 nonnullorum
1263 3781 1434 3856 verborum,
1457 3794 1580 3859 qaorum
1602 3780 1717 3838 actione
1739 3774 1886 3852 obiectum
1908 3780 1975 3832 tan·

207 3891 267 3942 tum
290 3885 432 3961 tangitur,
465 3883 504 3942 ita
527 3889 637 3940 utnon
660 3882 834 3942 immutetur.
880 3881 1036 3957 Quodnisi
1060 3884 1105 3962 iit,
1139 3885 1266 3964 scriptor
1287 3903 1344 3945 uon
1367 3893 1425 3944 tam
1448 3892 1552 3943 statum
1573 3881 1622 3942 val
1648 3881 1865 3951 condicionem,
1897 3891 1974 3952 qnae

206 3987 325 4046 actione
348 3986 447 4064 aliqua
470 3985 574 4046 clienta
597 3993 659 4061 est,
687 3988 813 4064 spectari
835 3988 897 4048 vult
919 4005 1005 4066 quam
1027 3988 1170 4047 actionem
1193 3989 1295 4066 ipsam.
1340 3987 1437 4066 Saepe
1459 3987 1536 4045 enim
1559 4001 1607 4044 res
1628 3984 1724 4063 aliqua
1747 3984 1786 4041 ita
1808 3983 1975 4056 comparata
2041 3963 2043 3972 ⁴

205 4095 269 4165 est,
299 4095 347 4164 ut,
376 4090 401 4147 si
424 4091 501 4149 actio
525 4090 657 4148 certain
680 4105 716 4148 ea
739 4089 844 4149 edecta
867 4107 931 4150 esse
954 4089 1148 4168 significatur,
1176 4088 1247 4149 indo
1268 4088 1353 4149 simul
1376 4088 1522 4166 colligere
1543 4088 1647 4164 liceat,
1677 4087 1758 4164 cujus
1784 4081 1902 4160 generis
1924 4095 1974 4138 res

205 4194 271 4272 ipsa
293 4192 340 4250 sit.
385 4188 456 4250 Nam
479 4191 560 4252 notio
583 4193 656 4252 certi
679 4194 798 4269 generis
820 4191 869 4253 vel
892 4195 1003 4273 speciei
1026 4194 1149 4268 sic‘jam
1172 4195 1241 4254 satis
1263 4202 1308 4255 est
1323 4193 1441 4253 delinita
1456 4200 1486 4252 et
1501 4193 1631 4252 terminis
1647 4191 1730 4269 quasi
1745 4185 1973 4263 circumscripta,

205 4304 238 4356 ut
258 4294 332 4355 ultra
355 4292 425 4372 quid
448 4295 570 4372 cogitari
592 4297 686 4374 possit
712 4313 770 4356 nou
792 4293 983 4382 relinquatur.
1028 4296 1092 4356 lluc
1114 4299 1260 4376 pertinent
1282 4295 1352 4357 talia
1369 4295 1513 4376 exempla.
1558 4293 1608 4356 Or.
1629 4291 1731 4373 lepidi
1752 4285 1811 4350 25:
1834 4287 1973 4366 „adnuite

205 4397 323 4476 legibus
344 4397 520 4476 impositis“.
565 4396 721 4478 Participio
745 4416 803 4459 non
826 4398 1000 4460 denotantur
1023 4408 1121 4461 certae
1144 4397 1242 4479 leges,
1276 4399 1328 4460 sed
1356 4407 1436 4460 certa
1465 4401 1579 4478 species
1609 4395 1725 4473 legum3
1761 4389 1974 4470 intelligendae

206 4511 274 4562 suut
295 4500 396 4579 leges,
425 4517 500 4578 qaae
523 4507 589 4559 sunt
610 4518 665 4580 per
686 4501 770 4562 naias
794 4500 888 4563 datae.
933 4501 967 4562 ln
988 4502 1153 4579 hujusmodi
1177 4500 1319 4582 exemplis
1341 4501 1484 4562 ablativus
1506 4515 1651 4581 personae
1673 4496 1796 4573 alicujus
1818 4494 1855 4557 ad
1877 4494 1974 4576 parti-

206 4605 312 4682 cipium
335 4602 477 4664 accedere
499 4609 605 4681 potest.
656 4600 707 4666 Or.
730 4604 856 4685 Philippi
879 4602 916 4665 7:
949 4620 1048 4683 „nunc
1070 4614 1115 4665 est
1136 4621 1189 4685 pro
1213 4605 1335 4666 console
1357 4623 1423 4665 cum
1446 4605 1569 4682 imperio
1591 4619 1650 4662 non
1673 4609 1769 4680 empto
1792 4598 1844 4660 sed
1866 4597 1932 4658 dato
1955 4611 1974 4653 a

204 4704 321 4766 vobis“.
366 4704 431 4780 Quo
455 4705 571 4785 quidem
593 4706 624 4764 iu
645 4704 712 4766 loco
735 4709 887 4788 participia
909 4707 1045 4784 adjectivi
1067 4708 1308 4786 significationem
1330 4707 1455 4780 habent3
1478 4708 1554 4766 actio
1577 4706 1654 4765 enim
1675 4707 1705 4765 in
1726 4705 1762 4764 iis
1778 4703 1863 4778 latet,
1886 4715 1973 4778 qnae,

206 4824 379 4890 quamquam
402 4809 494 4870 semel
517 4808 605 4870 modo
628 4808 704 4869 iacta
721 4815 786 4884 est,
809 4818 905 4869 tamen
928 4809 993 4871 talia
1015 4819 1076 4887 eat,
1100 4811 1193 4888 unde,
1217 4811 1310 4891 qualis
1334 4813 1372 4872 sit
1393 4828 1458 4886 res,
1481 4811 1511 4868 iu
1535 4825 1591 4887 qua
1614 4810 1718 4870 edecta
1741 4815 1801 4882 ast,
1825 4804 1974 4879 conjicere

204 4913 301 4973 liceat.
335 4907 408 4972 Nam
431 4911 509 4988 quod
531 4915 684 4993 imperium
707 4910 820 4988 datum,
843 4929 902 4973 non
918 4923 1023 4974 emtum
1040 4922 1100 4992 est,
1123 4914 1192 4976 inde
1208 4915 1333 4993 intelligi
1350 4923 1461 4994 potest,
1491 4911 1578 4992 quale
1593 4915 1647 4990 sit,
1670 4911 1784 4972 scilicet
1798 4907 1974 4986 legitimum.
