4266 5678
1066 351 1089 418 4

191 551 395 631 adhaerescat,
419 562 514 614 tamen
537 570 597 613 non
620 570 693 633 opus
717 561 761 614 ιιι
783 571 799 612 ι
823 554 966 634 scriptore
988 541 1123 632 tanquam
1142 563 1314 634 perpetuum
1330 564 1433 616 statum
1448 558 1582 636 proponi.
1628 558 1666 618 ιι
1689 567 1790 619 contra
1812 577 1870 620 nou
1893 562 1963 620 item

191 656 262 717 licet
283 664 396 734 notam,
420 675 494 734 quae
516 675 576 717 non
598 659 746 736 propriam
769 659 813 717 rei
836 655 958 732 alicujus
981 658 1067 735 eique
1090 675 1207 737 semper
1228 658 1501 736 adhaerescentem,
1525 659 1578 720 sed
1597 661 1796 724 secundariam
1819 663 1962 741 quandam

190 775 253 818 rem
276 761 432 838 exprimat,
456 759 649 820 adventiciam
672 758 751 819 illam
775 765 805 819 et
827 769 990 837 externam,
1013 769 1147 840 tanquam
1171 770 1342 841 perpetuum
1359 771 1461 823 statum
1478 781 1653 844 proponere.
1699 762 1797 838 Quare
1818 765 1962 827 sententia

191 860 313 923 relativa
336 880 453 942 semper
475 860 607 922 adhiberi
630 871 742 941 potest,
773 863 837 922 sive
858 862 1015 940 singularis
1038 865 1114 923 actio
1137 865 1200 924 sive
1223 851 1407 926 continuatus
1429 873 1519 927 status
1544 865 1726 928 denotandus
1749 877 1808 943 est,
1838 870 1962 948 partici-

190 967 271 1045 pium
293 973 388 1025 autem
411 963 549 1040 adjectivi
570 967 599 1025 ιι
623 967 748 1046 positum
772 967 907 1026 nonnisi
930 967 970 1026 ita
992 964 1124 1026 adhiberi
1147 974 1260 1046 potest,
1295 977 1325 1028 ut
1351 977 1529 1030 constantem
1551 977 1655 1030 statum
1678 971 1834 1048 significet.
1879 970 1963 1044 Quae

192 1085 256 1128 curu
280 1070 318 1128 ita
341 1069 414 1144 sint,
438 1062 585 1146 requitur,
609 1077 640 1127 ut
663 1069 760 1128 omnia
783 1076 947 1146 quaesunt
968 1086 1021 1148 pro
1044 1067 1197 1144 adjectivis
1220 1073 1373 1152 participia
1396 1074 1426 1132 in
1448 1075 1608 1134 sententias
1631 1073 1766 1135 relativas
1789 1073 1864 1135 solvi
1887 1092 1962 1153 pos·

190 1171 263 1247 sint,
287 1187 345 1230 non
368 1173 437 1231 item
452 1145 491 1231 ¹in
513 1173 641 1233 omniurn
664 1173 870 1233 sententiarum
893 1171 1197 1233 relativarumlocum
1220 1177 1373 1255 participia
1396 1175 1542 1252 subjicere
1564 1177 1664 1238 licent.

319 1274 371 1334 llis
394 1273 546 1356 disputatis
568 1282 674 1355 sponte
697 1273 795 1335 elucet
817 1293 899 1335 usum
922 1279 1139 1358 participiorum
1159 1277 1390 1339 attributivorum
1406 1281 1499 1358 magis
1515 1280 1762 1362 circumscriptum
1786 1301 1851 1342 esse
1874 1301 1961 1361 quam

191 1379 398 1438 sententiarum
411 1385 414 1428 ὶ
427 1378 622 1444 relativarum.
667 1376 764 1451 Quare
792 1379 821 1437 in
849 1379 1045 1458 comparando
1075 1399 1127 1440 usu
1157 1383 1309 1461 utriusque
1338 1391 1499 1444 structurae
1521 1385 1682 1444 rectissima
1705 1387 1779 1446 ratio
1800 1385 1874 1446 baec
1896 1403 1963 1446 esse

191 1479 358 1559 videbatur,
387 1489 419 1541 ut
444 1499 461 1540 a
483 1482 635 1542 sententiis
657 1480 787 1542 relativis
809 1481 1031 1561 proficiscentes
1053 1501 1165 1563 easque
1187 1487 1216 1544 in
1239 1495 1333 1546 certas
1354 1486 1471 1565 species
1494 1485 1724 1546 discriminantes
1747 1505 1962 1566 quaereremus,

192 1593 335 1662 quatenns
358 1585 388 1643 iu
412 1602 509 1644 earum
532 1584 627 1645 locum
650 1587 803 1664 participia
825 1584 986 1645 succedere
1008 1597 1136 1666 possent.

318 1687 457 1747 Primaria
478 1695 576 1748 autem
597 1696 626 1747 et
649 1687 788 1749 naturalis
811 1691 856 1748 vis
878 1691 1057 1767 pronominis
1080 1690 1194 1751 relativi
1218 1709 1252 1751 ea
1274 1699 1332 1768 ιιι,
1356 1700 1387 1751 ιι
1402 1690 1578 1771 respondeat
1593 1694 1759 1771 pronomini
1776 1692 1963 1754 demonstra·

190 1794 261 1854 tivo.
305 1791 438 1852 Revocat
459 1793 548 1869 igitur
569 1791 619 1851 vel
641 1790 732 1852 refert
754 1810 914 1872 pronomen
937 1793 1105 1868 relativum,
1129 1794 1159 1855 id
1182 1793 1260 1873 quod
1281 1795 1372 1872 ipsius
1387 1794 1631 1871 nomen-iudicat,
1655 1798 1823 1857 memoriam
1839 1795 1963 1872 alicujus

190 1899 250 1973 rei,
285 1895 368 1970 cujus
397 1893 483 1954 modo
513 1896 622 1954 mentio
652 1894 728 1954 iacta
757 1903 811 1956 est.
855 1894 919 1955 Jam
947 1913 1018 1956 vero
1046 1913 1207 1976 pronomen
1237 1895 1389 1957 relativum
1418 1901 1586 1958 memoriam
1609 1900 1654 1958 rei
1676 1897 1763 1959 modo
1785 1907 1962 1960 memoratae

190 2002 230 2059 ita
253 2014 392 2062 revocare
414 2005 531 2079 potest,
554 2005 586 2059 ιι
608 1995 644 2056 ad
664 2016 728 2058 eam
743 2014 838 2059 novae
854 1997 1003 2074 cujusdam
1019 2008 1105 2060 uotae
1120 1999 1295 2078 significatio
1311 1999 1446 2077 accedat,
1471 2018 1547 2078 quae
1563 2003 1626 2076 ejus
1642 2003 1789 2061 notionem
1805 2005 1963 2080 angustio-

190 2104 270 2166 ribus
299 2103 406 2165 linibus
436 2101 668 2179 circumscribat,
702 2104 743 2160 ιιι
769 2110 801 2162 ιι
827 2101 951 2162 relativo
981 2101 1077 2163 addito
1106 2121 1173 2182 pars
1202 2111 1310 2162 tautum
1339 2102 1480 2181 quaedam
1508 2113 1589 2164 certa
1616 2113 1645 2164 et
1668 2104 1785 2165 definita
1808 2108 1896 2166 totius
1915 2107 1961 2166 rei

191 2211 383 2270 ιιιιιιιιιιι.
429 2203 517 2281 Cujus
541 2203 658 2284 quidem
680 2207 800 2283 generis
823 2207 987 2266 sententiae
1009 2223 1073 2266 cum
1095 2225 1144 2284 re,
1172 2208 1220 2266 cui
1246 2205 1402 2282 adduntur,
1430 2207 1459 2266 iu
1488 2225 1576 2266 unum
1604 2209 1779 2269 conveniunt
1809 2207 1846 2269 ad
1867 2227 1961 2269 norae

190 2312 318 2382 notionis
347 2310 599 2384 constitutionem,
634 2326 710 2386 quae
739 2309 894 2387 primariae
924 2310 1035 2368 notioni
1057 2311 1096 2369 ιιι
1119 2307 1250 2384 subjecta
1275 2316 1319 2368 est
1339 2317 1371 2368 ut
1394 2308 1557 2370 formavel
1580 2313 1695 2389 specics
1718 2313 1831 2388 generi.
1876 2310 1961 2385 Quod

190 2415 240 2476 ubi
262 2413 309 2488 tit,
332 2414 504 2494 pronomine
526 2410 665 2488 relativo,
689 2411 759 2472 licet
776 2413 811 2489 is,
835 2413 884 2490 qui
903 2410 1046 2491 loquitur,
1070 2412 1106 2472 de
1129 2413 1217 2472 certia
1239 2413 1328 2473 rebus
1350 2414 1477 2491 cogitet,
1500 2423 1595 2474 tamen
1613 2415 1726 2474 animus
1742 2414 1886 2474 audientis
1902 2431 1961 2474 non

190 2515 227 2579 ad
256 2525 351 2578 certas
379 2535 427 2577 ιιι
455 2515 604 2594 dirigitur,
638 2514 690 2575 sed
715 2514 836 2592 jubetur
864 2524 972 2576 tantum
1000 2519 1028 2576 in
1057 2519 1222 2577 universum
1245 2535 1293 2577 res
1315 2519 1481 2596 respicere,
1515 2535 1591 2596 quae
1614 2519 1653 2577 ita
1676 2525 1862 2596 comparatae
1884 2527 1959 2592 sunt,

190 2623 266 2682 sicut
288 2623 348 2697 rei,
382 2619 420 2680 de
442 2639 498 2699 qua
521 2622 631 2700 agitur,
665 2627 784 2680 naturae
807 2619 837 2680 id
861 2621 1006 2680 convenit.
1058 2617 1139 2691 Quae
1162 2621 1251 2699 igitur
1273 2637 1320 2679 ιιι
1344 2639 1381 2678 ex
1403 2619 1512 2679 inlinita
1535 2618 1717 2679 multitudine
1739 2637 1850 2696 rerum,
1885 2631 1959 2698 quae

191 2723 269 2785 banc
291 2727 321 2784 in
344 2724 473 2802 speciem
491 2721 613 2799 cadunt,
637 2721 848 2801 intelligendae
863 2724 936 2798 sint,
961 2724 990 2782 in
1005 2725 1116 2784 incerto
1132 2722 1322 2803 relinquitur,
1345 2741 1382 2782 ex
1399 2725 1532 2783 universa
1548 2725 1647 2802 specie
1663 2721 1811 2802 quaelibet
1827 2723 1960 2802 exempla

190 2825 315 2907 quodam
337 2826 457 2888 arbitrio
480 2837 617 2887 nontam
641 2825 791 2904 cliguntur
812 2842 899 2903 quam
922 2824 993 2904 eligi
1011 2824 1158 2902 jubentur.
1203 2827 1235 2887 ln
1264 2824 1408 2901 ejusruodi
1437 2828 1588 2887 sententiis
1616 2843 1779 2906 pronomen
1800 2825 1960 2886 relativum

190 2931 271 2990 exuit
292 2931 350 2989 vim
373 2947 454 2989 suam
477 2928 748 3004 demonstrativam,
782 2931 917 3006 quoniam
941 2937 1079 2988 nontam
1102 2927 1281 2990 demonstrat
1304 2936 1398 2989 certas
1421 2947 1468 2989 res
1492 2947 1577 3007 quam
1600 2927 1739 2989 describit
1762 2947 1860 2989 earum
1884 2945 1960 3007 qua-

189 3031 316 3107 litatem,
349 3034 389 3092 ita
415 3039 447 3090 ut
474 3050 512 3090 ex
538 3033 633 3092 nativa
661 3032 842 3110 pronominis
870 3015 1085 3110 significatione
1107 3033 1178 3092 nihil
1201 3041 1291 3093 restet
1313 3035 1368 3093 nisi
1391 3034 1500 3097 notatio
1524 3030 1665 3109 quaedam
1687 3035 1800 3092 numeri
1824 3041 1854 3092 et
1876 3047 1960 3091 casus

189 3134 289 3195 talium
311 3151 422 3210 rerum,
445 3133 547 3213 quales
569 3135 717 3214 respicere
736 3133 875 3209 Jubcmur
896 3151 950 3214 pro
973 3144 1071 3195 natura
1093 3137 1153 3212 rei,
1177 3152 1252 3212 quac
1274 3137 1418 3196 sententia
1441 3137 1564 3197 relativa
1584 3137 1760 3195 continetur.

318 3237 413 3298 Alteri
436 3238 539 3316 generi
561 3239 769 3298 sententiarum
791 3238 977 3298 relativarum
999 3257 1063 3298 cum
1086 3257 1138 3315 eo,
1162 3237 1240 3318 quod
1262 3241 1356 3318 primo
1380 3240 1446 3300 loco
1462 3242 1627 3321 posuimus,
1652 3237 1722 3298 illud
1738 3255 1889 3298 commune
1905 3247 1961 3314 ιιι,

190 3340 270 3421 quod
292 3340 443 3422 relativum
466 3342 633 3402 memoriam
656 3341 700 3401 rei
722 3339 808 3401 modo
831 3350 1006 3400 memoratae
1028 3352 1161 3419 revocat,
1196 3352 1228 3403 ut
1249 3351 1336 3404 notae
1360 3342 1507 3420 cujusdam
1531 3343 1705 3423 significatio
1732 3339 1867 3416 addatur,
1903 3359 1959 3420 qua

190 3448 379 3508 constituatur
401 3463 495 3507 novas
517 3448 629 3525 speciei
651 3445 742 3506 notio.
793 3444 825 3505 ld
848 3453 943 3505 autem
966 3444 1140 3506 discriminis
1163 3445 1317 3506 intercedit
1339 3447 1415 3506 iuter
1437 3455 1588 3524 utrumque
1611 3463 1722 3523 genus,
1756 3447 1837 3504 utin
1860 3445 1959 3524 priore

191 3551 228 3611 de
250 3549 370 3611 incertis
393 3548 482 3610 rebus
504 3551 616 3630 speciei
639 3550 783 3610 sententia
805 3547 927 3609 relativa
950 3548 1084 3610 delinitae
1107 3549 1292 3629 cogitandum
1314 3551 1366 3625 ιιι,
1391 3552 1420 3609 ιι
1444 3549 1536 3609 ιιιιιο
1559 3567 1660 3609 omnes
1681 3567 1729 3609 ιιι
1747 3547 1833 3625 hujus
1848 3547 1958 3628 speciei

189 3657 391 3736 respiciantur.
436 3656 500 3716 lloc
522 3675 639 3735 qusque
660 3656 691 3715 in
713 3671 823 3732 genere
846 3652 996 3713 relativum
1024 3670 1185 3732 pronomen
1215 3655 1362 3732 propriam
1390 3652 1633 3731 significationem
1661 3651 1796 3731 deponit,
1830 3669 1894 3712 cum
1921 3647 1958 3708 ad

191 3760 443 3841 demonstrativam
465 3762 524 3819 vim
547 3758 631 3820 simul
656 3755 777 3818 accedat
798 3757 1014 3832 conjunctionis
1036 3757 1227 3836 significatio,
1262 3757 1411 3833 cujusvis
1435 3764 1480 3814 est
1506 3755 1726 3815 condicionalis.
1770 3755 1841 3832 lude
1864 3758 1958 3812 autem

189 3864 270 3922 notio
293 3863 344 3924 illa
367 3863 517 3925 indefinita
540 3871 570 3923 et
592 3860 740 3940 generalis
763 3861 877 3922 relativi
900 3869 967 3923 nata
991 3870 1051 3937 est,
1086 3859 1164 3939 quod
1187 3877 1238 3937 ea,
1273 3878 1348 3939 quae
1371 3879 1387 3920 a
1410 3867 1471 3921 toto
1495 3857 1620 3936 quodam
1641 3876 1736 3918 rerum
1759 3873 1871 3937 genere
1893 3862 1960 3912 sunt

188 3966 295 4046 petita,
324 3984 388 4026 cum
411 3966 448 4028 ad
470 3982 700 4045 unamquamque
724 3965 786 4040 ejus
809 3967 927 4043 generis
950 3983 1011 4025 rent
1034 3963 1137 4024 referri
1160 3965 1289 4043 possint,
1316 3966 1361 4024 ita
1383 3972 1546 4043 ponuntur,
1575 3969 1608 4021 ut
1629 3980 1685 4022 ιιι
1708 3970 1817 4022 tantum
1840 3975 1888 4017 res
1910 3953 1957 4016 vel

189 4068 353 4148 complures
376 4079 511 4130 accurate
534 4066 745 4130 describantur.

317 4170 381 4231 Jam
404 4173 513 4233 accedo
536 4170 573 4232 ad
595 4173 712 4232 tertium
735 4188 846 4251 genus,
881 4173 992 4254 inquo
1016 4187 1064 4230 res
1086 4168 1182 4248 aliqua
1203 4168 1252 4229 vel
1276 4186 1402 4248 persona
1425 4170 1464 4228 ita
1494 4165 1721 4243 demonstratur,
1755 4173 1786 4224 ut
1807 4163 1900 4242 possit
1921 4159 1958 4220 ab

188 4276 254 4336 aliis
277 4273 420 4353 dignosci.
465 4274 528 4336 lloc
549 4279 578 4336 in
605 4293 716 4354 genere
749 4292 909 4354 pronomen
937 4274 1088 4335 relativum
1116 4274 1263 4352 propriam
1292 4275 1383 4352 ipsius
1411 4274 1469 4332 vim
1496 4273 1617 4347 retinet,
1652 4269 1681 4328 id
1709 4275 1767 4342 ιιι,
1801 4263 1959 4345 respondet

188 4380 352 4457 pronomini
380 4377 621 4456 demonstrativo,
655 4382 717 4440 sive
746 4377 776 4437 id
805 4379 931 4458 positum
954 4386 999 4438 ιιι
1026 4379 1089 4437 ιιιι
1118 4378 1296 4454 cogitatione
1319 4374 1523 4457 supplendum.
1569 4374 1662 4434 llabet
1685 4373 1774 4450 igitur
1796 4387 1961 4451 pronomen

188 4483 339 4542 relativum
362 4484 597 4542 monstrationem
621 4492 719 4544 certae
741 4483 794 4543 rei.
839 4480 925 4555 Quod
952 4480 1017 4541 lieri
1045 4489 1158 4560 potest,
1192 4482 1215 4539 si
1244 4499 1308 4556 res,
1342 4478 1378 4540 ad
1406 4497 1490 4559 quam
1518 4478 1662 4552 sententia
1691 4474 1812 4535 relativa
1835 4481 1957 4556 spectat,

187 4584 264 4645 ultro
292 4601 325 4643 se
348 4585 433 4646 ollert
455 4583 588 4644 sensibus
610 4584 658 4644 vel
681 4586 777 4645 animo
801 4583 993 4661 audientium,
1026 4592 1057 4643 ut
1079 4583 1116 4644 dc
1140 4601 1174 4644 ea
1197 4582 1391 4661 excogitanda
1414 4600 1465 4644 eos
1488 4597 1608 4640 monere
1630 4586 1740 4638 tantum
1763 4577 1956 4640 necessarium

187 4690 234 4750 ιιι.
279 4688 342 4749 lam
364 4709 434 4752 vero
457 4705 649 4768 unaquaeque
672 4707 735 4765 ιιι,
769 4688 839 4749 ιιιιι
862 4698 946 4750 ιιιιι
968 4687 1057 4748 luerit
1079 4689 1203 4763 incerta,
1237 4694 1334 4746 tamen
1357 4704 1396 4750 eo
1417 4687 1498 4764 ipso,
1533 4681 1611 4762 quod
1634 4682 1743 4761 aliquid
1767 4681 1803 4743 de
1827 4699 1861 4740 ιι
1883 4693 1958 4756 pro-

188 4793 354 4868 nunciatur,
378 4810 414 4852 ιι
436 4802 519 4874 parte
542 4791 658 4871 quidem
681 4791 713 4851 lit
734 4801 829 4866 certa,
854 4795 962 4872 quippe
987 4809 1060 4870 quae
1084 4791 1180 4851 auimo
1205 4789 1382 4850 audientium
1405 4790 1445 4848 ita
1468 4795 1548 4847 certe
1573 4785 1742 4863 objiciatur,
1769 4792 1800 4842 ut
1822 4790 1957 4858 tanquam

189 4894 339 4971 objectum
362 4898 508 4958 enunciati
532 4897 654 4973 alicujus
677 4894 836 4957 inducatur.
882 4895 1001 4957 Scilicet
1024 4897 1072 4975 qui
1095 4892 1222 4973 aliquid,
1246 4891 1385 4972 quidquid
1408 4900 1468 4968 est,
1491 4891 1526 4952 de
1550 4909 1581 4952 re
1604 4889 1702 4968 aliqua
1724 4886 1911 4967 pronunciat,
1934 4884 1961 4944 is
