4266 5678
1170 371 1193 440 t)

158 598 162 612 ·
295 587 412 649 ratium
432 582 551 662 ungue
573 592 603 645 et
624 583 700 644 inter
721 599 754 641 ee
778 586 893 640 etcum
915 578 1073 655 uuiremie,
1093 575 1125 638 id
1145 585 1193 638 eet
1214 591 1278 638 eum
1300 583 1362 638 toto
1383 592 1514 654 muare,
1536 575 1619 651 cuiue
1638 580 1736 651 parter
1749 582 1832 651 eunt,
1855 573 1959 636 contin·

294 690 346 751 Sia
373 688 507 750 nominee
535 702 552 745 ι
580 685 684 760 rebue,
719 700 796 763 qnae
824 681 877 742 aab
906 698 1009 744 uerene
1037 678 1157 754 uadunt,
1191 681 1321 740 revocati
1347 679 1383 740 nd
1406 677 1436 740 id
1458 675 1613 756 cogitando
1636 676 1812 754 accendunt,
1846 675 1924 756 qnod
1951 678 1961 736 i

294 790 513 854 fundamentum
534 798 590 850 eet.
633 787 735 865 ltaque
758 803 824 848 cum
842 783 1004 865 generalia.
1020 781 1087 860 illa,
1110 781 1148 844 de
1170 781 1274 860 quum
1296 782 1436 859 diximus,
1459 783 1526 842 ¹ciue
1548 779 1672 857 eingniie
1695 799 1754 844 nou
1775 788 1856 842 reete
1878 781 1949 860 pani

293 893 413 974 cingula
431 895 499 954 eine
516 890 707 972 generatione
729 898 810 950 reete
831 888 957 966 intelligi
980 886 1108 966 poeeiut,
1142 888 1253 948 animur
1281 883 1428 948 hominum
1450 886 1481 946 in
1503 883 1707 962 inradiando
1728 901 1827 946 rerum
1848 891 1950 946 natura

294 1005 381 1078 petus
408 1013 527 1075 semper
554 991 735 1057 revocandae
760 1000 810 1054 eet
836 1001 866 1054 et
891 991 928 1052 ud
958 989 1233 1069 eontenpurteuen
1260 987 1442 1068 einpuicrnrn
1470 995 1500 1048 et
1521 986 1559 1048 ad
1580 987 1797 1066 percipiendam
1818 989 1917 1065 utam,
1951 985 1964 1046 d

295 1100 438 1175 diximue,
471 1101 626 1160 radonem.
670 1096 721 1157 Sic
741 1105 900 1158 metor
924 1096 953 1154 iu
976 1094 1073 1156 animo
1093 1093 1221 1154 humano
1249 1093 1386 1178 notiouep
1412 1107 1525 1166 rerum,
1560 1107 1636 1170 quae
1664 1080 1780 1168 eemper
1808 1099 1873 1152 eunt
1899 1107 1965 1170 gen

146 1181 157 1221 ἵ·
293 1205 404 1281 quippe
426 1218 546 1281 quarum
567 1207 783 1277 argumentum,
816 1199 949 1277 quamvis
972 1195 1069 1258 mutue
1083 1193 1216 1273 cinguli·
1237 1191 1325 1254 rebus
1348 1195 1431 1271 insit,
1465 1201 1561 1254 umen
1583 1211 1671 1256 unum
1692 1195 1730 1254 eit
1751 1201 1838 1272 atque
1860 1211 1914 1272 per
1934 1211 1966 1252 ee

293 1313 374 1366 rtem
402 1304 545 1382 caporatie
563 1300 708 1364 ,omnibus
736 1303 773 1364 iie
801 1301 904 1377 rebue,
939 1317 1014 1379 quae
1042 1301 1070 1361 iu
1099 1315 1150 1360 eae
1177 1295 1284 1358 cadere
1311 1313 1423 1376 eaeque
1451 1299 1533 1375 quati
1560 1295 1682 1375 implere
1704 1297 1825 1374 pereiut.
1868 1295 1966 1358 Jamr

146 1417 156 1430 ·
293 1407 374 1469 uude
395 1405 526 1485 proiecta
548 1413 609 1482 ert,
630 1404 803 1483 eupaterio
842 1403 966 1465 Nomina
981 1399 1172 1481 appellativa,
1194 1411 1225 1462 ut
1240 1399 1418 1478 supradixi,
1442 1401 1567 1462 oderunt
1589 1400 1685 1460 auimo
1707 1407 1805 1460 eerue
1827 1400 1955 1462 notinuie

293 1512 435 1572 tationem
462 1517 493 1570 et
522 1511 561 1571 ita
582 1507 701 1588 quidem
724 1508 864 1583 offerunt,
898 1515 930 1568 ut
947 1508 1008 1583 jmu
1031 1515 1119 1567 antea
1138 1514 1241 1584 etrapte
1262 1507 1293 1568 vi
1313 1513 1345 1566 et
1367 1513 1468 1566 nutura
1491 1505 1586 1566 animo
1609 1505 1686 1566 inuit.
1731 1503 1826 1577 Quare
1849 1519 1950 1563 eorum

294 1621 424 1674 mentum
444 1611 518 1674 nihii
539 1630 608 1674 eece
631 1620 729 1691 potest
750 1613 805 1672 uiri
827 1609 970 1689 generale
991 1608 1112 1688 uliquid.
1155 1607 1280 1670 iiomica
1301 1617 1397 1671 antem
1420 1607 1563 1685 adiectira
1583 1607 1658 1668 tuiee
1679 1615 1764 1668 notae
1785 1607 1965 1686 eigniicunt,

295 1712 383 1774 rebus
406 1713 587 1778 divereorum
610 1731 752 1793 generum
774 1715 884 1791 pariter
905 1712 1116 1774 adhaerescere
1138 1713 1253 1790 pceeiut
1271 1712 1321 1772 rel
1343 1710 1432 1772 rebue
1454 1709 1584 1789 ejusdem
1605 1711 1741 1788 generis,
1764 1718 1850 1788 prout
1871 1711 1900 1770 ic
1924 1708 1971 1770 irar

294 1817 375 1878 iilam
397 1820 528 1896 epeciera
549 1816 670 1893 eadunt,
704 1825 753 1878 aut
774 1815 984 1878 adhaerescunt
1000 1819 1054 1876 'ant
1075 1833 1134 1876 uon
1156 1813 1374 1876 adhaerescunt.
1419 1812 1502 1887 Quae
1524 1831 1589 1874 cunr
1611 1815 1650 1874 ita
1678 1815 1754 1878 rint.
1786 1811 1887 1874 elucet
1914 1811 1972 1888 adju

292 1919 370 1980 trice
390 1929 477 1981 notae
495 1920 645 1995 denotari,
670 1934 771 1998 ¹operae,
800 1917 872 1980 licet
892 1937 952 1980 uon
978 1919 1039 1980 sint
1066 1919 1202 1996 propriae
1231 1919 1341 1978 nedoni
1368 1917 1503 1995 gererie,
1541 1924 1636 1977 tumeo
1663 1916 1777 1978 notioni
1805 1917 1917 1992 speciei
1944 1915 1972 1975 ul

294 2024 432 2102 propriae
452 2041 522 2086 ¹esee
543 2025 666 2102 poerint.
709 2022 782 2085 Nem
807 2025 884 2084 sicut
906 2025 987 2084 notio
1010 2025 1130 2101 generis
1153 2021 1275 2097 alicuine
1298 2021 1328 2080 in
1350 2027 1449 2080 ruente
1470 2019 1593 2080 hemam
1615 2026 1749 2096 unquam
1772 2017 1901 2096 periecta
1924 2025 1954 2076 ot

294 2125 356 2188 iuta
376 2137 525 2205 vereatur,
548 2130 587 2190 ita
609 2129 691 2190 notio
714 2145 831 2206 quoque
849 2128 963 2204 speciei
985 2129 1062 2188 ineet
1082 2126 1182 2186 urenti.
1227 2122 1310 2185 Unde
1330 2123 1479 2200 aequiter,
1506 2130 1537 2182 ut
1558 2121 1643 2197 hujue
1666 2121 1794 2186 rotenis
1816 2128 1975 2198 argumente

295 2229 389 2307 mom
418 2249 484 2292 eece
512 2230 618 2292 debeat
644 2229 797 2308 generale.
841 2229 905 2290 iarn
931 2247 1003 2290 varo
1031 2229 1212 2307 participium
1241 2227 1360 2304 proprio
1390 2227 1454 2303 ciue
1480 2224 1612 2300 eubjecto
1636 2221 1733 2286 addito
1756 2224 1890 2286 effectum
1911 2223 1976 2299 sign

294 2335 346 2410 qni
371 2350 437 2394 cum
458 2336 573 2396 actione
596 2331 664 2410 iiia,
699 2351 735 2394 ex
758 2351 820 2420 quu-
834 2333 1044 2411 proiicmcitur,
1067 2333 1237 2410 conjunctus
1260 2327 1410 2392 indicatur.
1454 2327 1487 2388 id
1510 2335 1620 2402 autem,
1655 2325 1732 2406 qnod
1755 2327 1801 2402 iit,
1835 2343 1893 2388 nou
1914 2343 1977 2405 gen

294 2433 350 2495 end
375 2435 526 2514 ainprrlare
556 2436 668 2517 uiiquid
693 2446 739 2499 eet
767 2446 797 2496 et
824 2453 926 2512 unum,
960 2437 1096 2514 quoniam
1121 2450 1311 2511 unaquaeque
1341 2435 1417 2494 actio
1445 2434 1476 2494 u
1499 2439 1584 2493 certa
1610 2429 1708 2508 aitqua
1735 2449 1767 2492 re
1795 2432 1921 2509 ponitur.
1965 2430 1978 2494 1

295 2536 419 2600 ¹effeetus
442 2542 553 2618 omnic,
577 2542 708 2620 quinon
730 2557 850 2618 prorsus
873 2542 1020 2618 manuus
1042 2547 1130 2616 atque
1152 2544 1302 2614 separatus
1324 2544 1370 2596 eet
1392 2535 1428 2598 ai)
1449 2534 1582 2610 actione,
1607 2551 1645 2594 ex
1658 2549 1717 2611 qua
1732 2533 1937 2611 proficiscitur,
1960 2539 1979 2594 e]

296 2640 360 2704 lure
380 2642 493 2722 aliquid
515 2643 635 2706 denotet
656 2661 779 2705 nemeae
802 2652 847 2704 eet
868 2660 965 2722 neque
987 2645 1026 2704 ita
1049 2639 1191 2703 accerime
1214 2647 1309 2716 potent
1329 2637 1366 2700 ad
1389 2655 1513 2718 nomen,
1541 2645 1572 2698 nt
1595 2653 1690 2698 norae
1713 2638 1822 2714 speciei
1844 2639 1924 2698 notio
1948 2654 1980 2697 or

295 2743 351 2806 aed
373 2746 445 2809 nihil
468 2748 527 2810 aiei
548 2756 656 2809 certam
678 2747 889 2827 aliquemne·
911 2745 1027 2807 indicat
1070 2742 1152 2818 Quae
1174 2745 1220 2802 rie
1242 2761 1311 2804 num
1332 2740 1485 2804 tribuema
1506 2742 1547 2802 eit
1568 2740 1743 2818 participiis,
1764 2748 1797 2800 ut
1818 2740 1980 2802 certauit

295 2863 358 2910 rem
381 2849 430 2910 vel
449 2867 609 2930 personam
631 2849 775 2926 iudicent,
807 2849 865 2910 irac
884 2847 924 2910 de
945 2866 978 2910 re
1000 2847 1076 2908 inira
1098 2845 1214 2908 dicendi
1237 2845 1318 2906 iocne
1340 2847 1405 2908 erit.
1449 2843 1508 2906 Sed
1530 2842 1619 2906 liceat
1640 2843 1709 2904 mihi
1731 2860 1809 2918 rem,
1841 2842 1879 2903 de
1901 2860 1982 2921 aaut

293 2952 364 3029 epi,
391 2955 479 3014 etiam
509 2953 544 3014 ab
565 2953 625 3014 elia
644 2961 729 3032 parte
748 2955 896 3032 capicerc.
946 2949 1181 3012 Consentaneum
1203 2957 1249 3010 eet
1269 2966 1323 3027 pro
1346 2949 1390 3008 rei
1412 2955 1513 3010 notura
1535 2945 1717 3024 participium
1738 2944 1821 3006 verbi
1842 2943 1982 3022 eimpiioie

156 3051 158 3058 ’
185 3096 191 3108 .
293 3070 413 3132 eemper
433 3055 569 3116 minuere
597 3055 634 3116 ad
663 3054 825 3118 addendum
852 3055 961 3116 nomini
991 3061 1088 3114 notam
1116 3049 1260 3129 aliquam,
1293 3069 1349 3130 qua
1378 3050 1570 3112 wuetituutur
1596 3057 1695 3112 certae
1723 3049 1833 3126 epeciei
1860 3049 1951 3110 notio.

294 3159 375 3218 eain
395 3175 434 3218 ea
455 3160 493 3220 eit
514 3160 731 3237 participiorum
754 3156 982 3220 attributirnrum
1005 3163 1122 3230 natura,
1145 3163 1176 3214 ut
1197 3163 1377 3216 constantem
1399 3154 1444 3216 rei
1465 3151 1668 3214 condicionem
1690 3151 1844 3229 denotent,
1863 3151 1953 3214 iucile
1975 3154 1985 3212 i

297 3254 398 3337 ligitur
420 3261 477 3322 alia
497 3259 694 3322 additamenta
717 3260 753 3322 ad
775 3259 918 3338 ejuemodi
940 3259 1092 3336 participio
1115 3256 1257 3318 accedere
1279 3276 1338 3319 non
1359 3273 1464 3336 poene,
1488 3257 1545 3318 niei
1567 3255 1986 3334 comarumcomarum

250 3365 251 3368 ’
295 3363 459 3440 participiis
481 3365 650 3426 coalescere
668 3367 755 3444 uuuei
777 3373 808 3424 et
830 3362 1025 3442 conglutinari
1045 3361 1168 3440 poenior.
1212 3357 1314 3438 Leuce
1336 3359 1394 3422 alia
1414 3360 1490 3420 ratic
1512 3365 1558 3420 eet
1580 3375 1679 3418 eorum
1700 3356 1969 3434 additamentomm,

298 3463 336 3526 ud
358 3467 507 3547 partieipia
529 3469 593 3528 veri
615 3469 741 3530 neminie
763 3469 842 3530 durni.
884 3468 967 3530 Sient
989 3467 1066 3528 enim
1088 3462 1234 3542 ejusmodi
1255 3465 1405 3542 participia
1428 3470 1535 3526 autum
1553 3459 1681 3524 iudicant
1701 3477 1760 3522 uon
1782 3463 1986 3536 continentum,

295 3572 437 3646 temporie
464 3574 595 3634 teuniaie
618 3570 787 3650 definitum,
821 3573 860 3632 ita
888 3571 1055 3650 conjunctio
1082 3585 1214 3648 quoqne,
1244 3586 1321 3646 ,qaue
1350 3565 1505 3630 intercede
1530 3567 1606 3628 inter
1631 3564 1705 3626 haec
1732 3567 1881 3643 participia
1908 3583 1986 3626 eorm

298 3671 509 3749 additamenta,
532 3692 590 3735 uon
614 3683 659 3734 eet
680 3683 837 3752 perpetua,
860 3673 913 3734 sed
928 3672 1009 3748 tulis,
1032 3691 1107 3752 qnae
1129 3680 1238 3732 tantum
1259 3673 1398 3750 temporie
1421 3669 1508 3730 modo
1532 3668 1629 3745 duret,
1652 3676 1787 3747 quantum
1809 3667 1891 3730 uerbi
1905 3668 1979 3728 iiniti

296 3775 410 3854 erpieu
453 3774 564 3848 Quibus
585 3775 739 3856 diepntatie
760 3786 873 3855 eponte·
886 3775 1055 3836 deducimur
1076 3773 1113 3836 ad
1135 3773 1256 3835 aiterum
1277 3791 1409 3850 monam,
1437 3772 1516 3834 unda
1540 3770 1655 3832 deceat
1676 3770 1712 3832 ad
1733 3772 1883 3850 participia
1905 3767 1986 3828 attrih

297 3878 455 3940 abiatirum
483 3895 626 3956 pensem
653 3880 779 3956 nimaina
807 3879 952 3942 accedere
977 3896 1038 3940 non
1066 3894 1163 3956 poene.
1209 3875 1283 3938 Nam
1309 3879 1336 3938 si
1365 3893 1492 3955 persona
1520 3873 1557 3936 ad
1584 3872 1766 3950 participium
1788 3869 1913 3946 accedit,
1946 3869 1986 3932 ea

298 3983 384 4044 eimul
406 4000 471 4044 cum
490 3985 623 4059 actum,
652 4001 726 4062 quae
747 3991 795 4045 eet
818 3985 909 4060 ipeiue
926 4000 1032 4058 caum,
1056 3983 1181 4060 ponitur.
1223 3978 1289 4041 duur
1309 3996 1381 4042 uero
1401 3997 1469 4042 cum
1490 3979 1588 4041 curu
1610 3976 1819 4050 additamenta,
1842 3991 1917 4052 quae
1939 3973 1975 4036 ad

300 4086 397 4164 tinipia
420 4084 583 4149 attributira
605 4085 690 4163 firmi,
723 4088 759 4146 iis
781 4095 838 4148 tam
860 4094 940 4146 arcte
962 4083 1186 4159 adhaerescunt,
1214 4091 1246 4142 ut
1268 4082 1332 4144 iere
1353 4101 1439 4144 unam
1461 4084 1610 4144 notionem
1633 4079 1774 4153 efficiunt,
1802 4093 1925 4156 cumque
1948 4077 1986 4138 eii

302 4187 423 4266 ducque
446 4205 533 4250 cauea
554 4187 606 4250 tali
629 4191 741 4250 ratim
762 4191 839 4250 inter
861 4207 894 4250 ee
915 4189 1133 4265 contineantur,
1159 4194 1194 4248 ut
1214 4187 1244 4246 ia
1265 4203 1350 4248 uuam
1368 4185 1613 4264 significationem
1636 4182 1717 4242 coire
1735 4196 1798 4242 raca
1818 4183 1947 4258 possint,
1974 4198 1986 4240 e

300 4289 365 4350 duri
386 4309 445 4353 non
467 4308 571 4370 poeee,
593 4301 624 4352 ut
646 4293 798 4370 participio
820 4290 986 4354 attributivo
1010 4287 1130 4371 addatur
1151 4305 1292 4367 pareone,
1322 4307 1418 4368 apua
1439 4289 1533 4363 actio,
1566 4284 1647 4361 cuiue
1672 4283 1794 4344 effectae
1816 4285 1966 4362 participio
1985 4321 1986 4330 ι

300 4399 398 4470 cuum,
418 4403 553 4473 anacepta
575 4403 630 4456 eet.

429 4497 563 4560 Alterum
578 4509 639 4575 eet,
661 4497 741 4578 quod
755 4499 910 4580 participia
924 4495 1092 4560 attributire
1106 4513 1222 4575 semper
1236 4502 1418 4556 consumere
1439 4499 1471 4552 et
1493 4497 1664 4571 perpetuen
1684 4491 1729 4552 rei
1751 4488 1950 4550 condicionem
1970 4505 1986 4548 e

301 4599 400 4660 dcent
449 4599 521 4661 iude
545 4601 647 4664 elucet
672 4603 825 4683 participia
851 4599 1007 4667 naitonum
1034 4597 1189 4662 uerborum
1217 4598 1334 4660 omnino
1364 4613 1423 4657 non
1450 4611 1519 4658 eece
1546 4601 1629 4673 apta,
1664 4611 1739 4672 (prae
1766 4601 1901 4668 amquam
1933 4597 1986 4652 attr

301 4701 339 4764 ad
351 4703 532 4764 eubatrutiru
550 4705 702 4767 accedant.
746 4704 844 4767 Verba
857 4712 987 4788 muru,
1004 4724 1086 4792 cuae
1100 4703 1247 4768 cumeurn
1261 4697 1454 4781 nppeiiantur,
1469 4713 1604 4777 quaeque
1619 4698 1763 4758 amionem
1783 4689 1874 4754 taleae
1895 4692 1986 4772 eignii

300 4823 361 4884 qua
383 4807 531 4885 objectum
554 4805 674 4885 aliquod
691 4808 837 4870 eiiciatur
857 4806 958 4888 aliquo
979 4815 1069 4886 nodo
1092 4815 1123 4871 et
1145 4812 1288 4882 mutetur,
1321 4802 1389 4864 bric
1409 4803 1476 4862 meni
1497 4797 1714 4862 accommodata
1732 4812 1803 4856 eeee
1823 4795 1959 4860 uidetur
1979 4815 1986 4858 ι

303 4909 452 4988 „eredere
475 4911 609 4992 pinum,
629 4925 819 4990 praecepere,
837 4929 964 5010 armare,
987 4919 1114 5010 wire,
1134 4906 1290 4974 domene‘.
1318 4905 1356 4968 m
1370 4913 1468 4968 contra
1482 4901 1632 4985 participia
1642 4915 1748 4962 eorem
1761 4898 1929 4978 rotomo,
1950 4915 1986 4977 qn

1657 5017 1675 5070 2
