4266 5678
1102 387 1149 459 il

240 593 420 668 bontionem,
453 590 558 652 eodem
585 608 655 650 caen
682 593 778 670 posita
796 585 881 670 juxta
902 589 1059 666 collocet,
1078 591 1169 651 veluti
1197 593 1283 670 epist.
1306 589 1481 655 Mithridatis
1504 587 1559 654 13:
1593 591 1759 670 „abnuente
1782 593 1926 673 tigrane,
1960 601 2012 676 qni

240 711 305 755 mee
327 695 404 756 diota
427 713 494 755 sero
516 693 651 774 probat“.
696 693 763 772 Jng.
787 689 840 754 39.
862 690 898 754 5:
922 695 1068 770 „cognitis
1091 691 1246 770 militibus,
1269 711 1345 772 quos
1367 703 1484 774 praeter
1507 695 1605 774 lugam
1625 697 1723 758 soluto
1746 699 1871 778 imperio
1887 698 2011 764 ,licentis
2088 674 2091 682 ’

240 805 328 876 atque
350 797 469 858 lascivia
493 795 695 876 corruperat“.
740 795 779 858 tt
802 805 902 856 centra
923 795 992 873 lug.
1014 790 1071 857 49ae
1090 792 1125 856 5:
1154 813 1242 872 „nam
1264 799 1340 858 inter
1360 829 1405 847 -ν
1430 798 1625 866 consederant
1646 817 1742 877 neque
1764 799 1851 878 plane
1874 803 2010 864 occultati

239 885 405 960 hnmilitate
424 900 559 961 arborum
583 908 731 960 ettamen
755 901 874 974 incerti,
897 896 1033 976 quidnam
1057 907 1151 975 esset,
1174 915 1241 960 cum
1262 907 1364 966 natura
1387 900 1446 963 loci
1469 909 1527 960 tum
1552 900 1621 970 dolo
1642 904 1699 981 ipsi
1721 910 1807 979 atquc
1830 904 1915 980 signa
1930 903 2010 964 mili-

239 994 311 1062 taria
334 1001 515 1062 obscurati“.
559 1001 691 1081 Itemque
714 1001 870 1062 Sallustius
891 1004 1064 1066 senteutiam
1085 1000 1238 1068 relativam
1260 1000 1392 1078 adhibet,
1420 1001 1471 1070 ubi
1495 1003 1654 1067 cavendum
1678 1014 1737 1079 est,
1767 1003 1864 1065 nead
1887 1007 2010 1085 partiei-

148 1185 150 1190 .
184 1115 186 1122 '
240 1108 320 1184 pium
342 1105 483 1166 accedant
505 1105 685 1168 substantiva
708 1101 755 1164 vel
779 1103 924 1182 adjectiva
947 1103 1051 1167 eodem
1073 1106 1268 1183 coraposito.
1318 1105 1511 1184 Excipiuntur
1533 1114 1631 1168 tamen
1653 1109 1845 1176 nominativus
1868 1117 1898 1168 et
1920 1125 2010 1168 aecn—
2121 1151 2122 1180 ;

202 1259 203 1262 ,
238 1210 357 1272 nativus.
400 1207 488 1274 ,Cani
512 1211 598 1287 epist.
621 1206 794 1271 Mithridatis
816 1201 853 1266 9:
877 1223 965 1281 „cum
986 1205 1063 1268 lilius
1084 1205 1177 1282 Nysa,
1200 1225 1288 1284 mam
1309 1210 1445 1294 raginam
1463 1207 1679 1288 appellaverat,
1701 1213 1818 1288 genitus
1831 1209 1907 1270 baud
1922 1209 2009 1278 dubie
2121 1211 2122 1296 ᾗ

194 1331 197 1338 ·
238 1310 350 1372 essct“.
395 1305 1610 1390 Jug.103.2:‚,abaliisamicis‚quoaineomuptosdugurtbareliquerat‘t.
1656 1311 1706 1374 Or.
1727 1313 1830 1392 Lepidi
1852 1309 1908 1372 24:
1929 1314 2010 1388 „uisi

238 1414 316 1476 iorte
338 1415 439 1496 specie
462 1413 640 1474 concordiae
664 1421 693 1472 et
715 1414 813 1492 pacis,
837 1429 912 1490 qnae
934 1410 1043 1474 sceleri
1065 1418 1095 1470 et
1116 1411 1274 1489 parricidio
1298 1431 1352 1480 suo
1376 1417 1491 1474 nomina
1513 1413 1647 1484 indidit“.
1691 1416 1731 1476 At
1753 1423 1852 1479 contra
1874 1413 1941 1492 tog.
1957 1412 2010 1474 tv.

239 1516 275 1579 l:
309 1527 392 1596 „erat
420 1517 496 1578 baud
525 1517 616 1593 louge
645 1514 680 1579 ab
711 1536 746 1577 eo
776 1519 883 1578 itinere
910 1547 952 1558 —
980 1513 1119 1594 oppidum
1135 1513 1330 1586 ,Numidarum
1359 1519 1475 1587 nominee
1498 1516 1596 1594 Vaga,
1629 1517 1722 1578 foruna
1745 1537 1841 1579 rerum
1863 1515 2009 1578 venalium

237 1625 326 1683 totius
348 1623 434 1701 regni
456 1639 588 1682 maxume
612 1620 822 1680 celebratnm“.
868 1617 931 1678 Cat.
955 1613 1007 1678 24.
1031 1613 1069 1683 2:
1087 1621 1279 1694 ¹„pecuniam
1308 1635 1361 1678 sua
1379 1619 1439 1680 'aut
1460 1622 1617 1680 amicorum
1639 1619 1696 1681 lide
1719 1629 1860 1698 sumptam
1883 1629 2009 1690 mutuatu

236 1723 378 1785 Faesulas
401 1724 437 1784 ad
459 1723 595 1784 blaulium
619 1722 764 1800 quandam
787 1723 937 1800 portare“.
981 1717 1073 1792 Quam
1096 1718 1213 1796 quidem
1227 1739 1304 1784 trem«
1321 1739 1357 1794 ao
1385 1723 1480 1794 minus
1494 1757 1496 1766 ι
1510 1731 1554 1782 est
1582 1721 1660 1800 quod
1687 1725 1837 1796 miremur,
1872 1727 2008 1799 quonian

236 1829 314 1887 iuter
337 1825 395 1887 dno
418 1829 551 1903 nomina,
575 1845 649 1904 quae
673 1845 726 1904 per
749 1827 962 1904 appositionem
985 1831 1200 1899 aggregantur,
1224 1823 1335 1895 eadem
1350 1826 1434 1912 ratic,
1448 1825 1619 1901 intercedit,
1650 1843 1705 1906 qna
1728 1828 1911 1890 continentur
1934 1831 2009 1888 inter
2121 1807 2122 1854 ³

238 1946 272 1990 se
294 1927 457 2004 subjeetum
481 1938 510 1989 et
532 1927 730 2008 praedicatam
752 1930 914 1988 sententiae
938 1925 1070 2000 alicujus,
1121 1924 1197 1997 Nara.
1219 1927 1412 1994 nominativus
1436 1933 1467 1997 et
1488 1931 1668 1990 accusativus
1690 1936 1755 1988 sunt
1777 1934 1860 2007 quasi
1884 1931 2010 2018 legitimi

238 2050 338 2110 casus,
372 2033 477 2113 quibus
505 2040 651 2111 ponuntur
680 2030 737 2090 dno
766 2031 898 2105 nemina,
933 2046 1009 2107 quac
1035 2027 1087 2088 tali
1117 2029 1231 2093 tutione
1260 2029 1335 2090 inter
1365 2047 1399 2088 ae
1427 2031 1620 2092 continentur.
1666 2031 1746 2092 Sicut
1769 2035 1846 2096 enim
1868 2036 2009 2096 incertis
2121 2029 2122 2042 ¹

239 2135 409 2214 quibusdam
438 2135 537 2197 verbis
567 2134 603 2194 ad
632 2135 840 2194 nominativum
868 2133 992 2208 subjecti
1020 2130 1132 2193 aceedit
1154 2133 1350 2194 nominativus
1373 2131 1603 2212 praedicativel
1626 2133 1878 2206 adacousativnm
1901 2137 2008 2215 objecti

237 2241 418 2300 accusativus
440 2237 615 2319 praedicati,
639 2239 678 2296 ita
702 2253 766 2295 cum
789 2239 906 2296 nomine
929 2237 1044 2313 aliquo,
1069 2233 1147 2312 quod
1168 2235 1216 2295 vel
1240 2235 1366 2313 subjecti
1388 2235 1570 2313 vel·,objecti
1593 2234 1690 2298 locum
1713 2247 1808 2314 tenet,
1830 2217 1890 2318 ⁸per
1913 2243 2008 2319 partie

237 2342 345 2418 cipium
368 2343 508 2416 conjungi
531 2346 628 2419 potest
651 2337 775 2404 alteram
799 2357 920 2415 nomen,
950 2339 1115 2416 quodcum
1138 2337 1190 2407 illo
1206 2338 1272 2405 tali,
1288 2341 1402 2400 ratione
1424 2341 1604 2417 continetur,
1628 2342 1734 2420 ·qnalis
1757 2341 1911 2414 intercedit
1931 2344 2008 2412 inter

237 2441 543 2520 subjeetumvejusque
565 2440 772 2520 praedicatum.
1352 2499 1355 2507 ,
1942 2509 1944 2514 ,
2001 2505 2004 2512 ,

367 2546 499 2624 lienique
526 2548 710 2625 participium
738 2565 796 2605 non
825 2545 992 2620 adhibetur,
1027 2562 1092 2603 cnm
1121 2559 1245 2619 nomeu,
1281 2543 1360 2622 quod
1379 2545 1609 2608 describendum
1637 2557 1696 2624 est,
1731 2555 1915 2626 comparator
1941 2566 2007 2608 cunr

239 2650 331 2712 altero
354 2651 471 2710 nomine
494 2648 584 2710 veluti
608 2669 651 2710 er.
672 2646 775 2727 lepidi
796 2644 832 2709 9:
857 2649 977 2725 „itaque
1000 2647 1049 2708 illa
1073 2649 1156 2726 quies
1179 2655 1209 2714 et
1230 2649 1322 2711 otium
1344 2666 1409 2711 cnut
1419 2649 1574 2726 libertate,
1597 2669 1673 2730 qnae
1697 2650 1777 2712 multi
1800 2649 1885 2729 probi
1908 2652 2005 2728 potins

239 2771 325 2831 quarn
347 2751 478 2814 laborem
500 2770 563 2812 oum
586 2751 747 2812 honoribus
770 2751 977 2829 capessebant,
999 2750 1079 2812 nulla
1101 2750 1199 2811 sunt“.
1259 2788 1261 2794 ι

312 2917 316 2924 ,
366 2855 426 2916 Sed
447 2855 521 2916 baec
543 2855 693 2914 haetenus.
739 2851 845 2912 Cetera
868 2851 926 2912 alio
948 2861 1080 2932 tempore
1105 2852 1291 2922 dissecentur.
1318 2933 1323 2944 ι
1355 2913 1357 2922 Α
1418 2893 1422 2902 -
1500 2873 1503 2880 ’
