4266 5678
1314 359 1358 429 19

447 564 603 642 amelutus
622 563 795 644 rogitamina
816 563 864 624 sit.
908 559 968 624 Sed
990 560 1061 640 quid
1082 561 1249 640 significari.
1263 561 1368 638 velim,
1392 580 1430 624 er
1451 559 1596 640 exemplis
1617 560 1707 628 facile
1723 562 1779 626 ints

445 667 516 730 dem
539 667 679 731 nonnulla
702 667 920 747 participiorum
942 665 1077 745 exemplu
1100 665 1229 728 allorum.
1272 665 1340 744 lug.
1358 661 1407 729 19.
1431 663 1467 726 7:
1491 663 1620 741 „iliauris
1642 664 1776 726 omuibus

446 779 569 850 praetor
590 789 697 835 numen
720 779 818 834 cetera
842 772 959 846 ignarus
981 767 1083 847 populi
1105 767 1228 829 Romani
1251 770 1387 846 itemque,
1402 767 1488 834 nobis
1509 784 1605 844 neque
1628 765 1707 832 bello
1731 783 1784 843 neq

449 873 520 953 dag.
534 870 586 934 to.
604 869 639 944 ln
662 872 743 949 „Sed
764 872 814 932 nbi
836 873 866 932 in
888 869 1136 944 intonaverit,
1160 873 1306 932 exercitus
1329 872 1357 930 ei
1379 870 1499 936 traditur
1521 887 1538 928 a
1560 869 1611 948 Sp.
1634 869 1742 932 Albino
1765 889 1783 949 p

446 995 548 1056 neque
569 975 693 1055 periculi
715 992 814 1052 neque
836 973 1100 1053 laborispotieus,
1123 971 1226 1051 lingua
1248 991 1334 1051 quam
1357 990 1442 1040 manu
1460 974 1636 1051 promptior,
1659 971 1788 1051 praedati

449 1080 593 1152 hornum
615 1080 680 1142 sino
702 1079 824 1156 imperio
848 1084 879 1138 et
899 1074 1044 1138 modestia
1065 1073 1214 1142 babitus“.
1260 1073 1323 1138 Cat.
1339 1073 1392 1138 55.
1414 1072 1451 1136 3:
1474 1077 1593 1152 „estin
1616 1074 1791 1146 caruerelo

447 1183 542 1262 podas
563 1181 644 1242 humi
667 1179 855 1260 depressus“.
899 1178 1011 1241 Ibidem
1034 1175 1092 1258 423
1107 1195 1195 1253 „eum
1224 1177 1510 1256 muniuntundique
1538 1178 1667 1256 parietes
1695 1187 1782 1256 atque

446 1284 612 1356 ¹dominibus
635 1284 768 1360 juncta“.
813 1283 862 1342 0r.
884 1281 959 1343 Phil.
988 1279 1023 1340 7:
1060 1289 1113 1356 „ct
1141 1279 1178 1340 ad
1206 1299 1280 1340 enm·
1299 1297 1477 1348 concurrere
1504 1281 1638 1346 homines
1666 1282 1794 1343 omnium

446 1384 609 1463 flagrantes
630 1386 730 1464 iuopia
751 1394 780 1445 et
802 1383 1002 1464 cupidinibus,
1031 1383 1176 1445 scelerum
1200 1385 1378 1444 couscientia
1399 1384 1571 1461 exagitati&
1616 1383 1649 1446 ln
1670 1383 1798 1452 omnibur

448 1496 557 1564 status,
587 1490 637 1572 qui
659 1489 812 1566 participio
837 1487 993 1561 indicatur,
1023 1487 1123 1546 mutin
1145 1485 1175 1545 id
1197 1495 1312 1566 tempus
1334 1484 1451 1560 inuidit,
1480 1485 1559 1564 quod
1581 1488 1610 1546 in
1633 1485 1725 1548 verbo
1750 1487 1797 1546 imi

447 1589 487 1656 ad
516 1592 658 1651 actionem
687 1590 776 1651 verbo
805 1589 886 1652 linito
914 1586 1254 1667 declaratamsspertiaet.
1298 1589 1399 1668 ltaque
1427 1589 1496 1667 lug.
1522 1585 1572 1650 19.
1596 1587 1615 1648 7
1645 1599 1803 1669 proponti

449 1691 599 1773 „adnuet
642 1691 809 1754 Aliter-res
824 1709 865 1764 ¹se
888 1689 975 1752 babet
999 1692 1029 1750 in
1059 1690 1116 1750 hoc
1146 1689 1283 1768 exemplo
1309 1692 1377 1768 lug.
1400 1687 1452 1754 35.
1475 1688 1511 1760 2:
1545 1691 1633 1768 „buic
1656 1693 1707 1769 Sp.
1729 1691 1805 1754 Albin

449 1803 516 1872 poet
537 1794 664 1857 Bestiam
688 1813 753 1869 cnm
776 1793 811 1868 Q.
835 1793 962 1854 Minucio
984 1793 1061 1855 Rufo
1085 1793 1268 1866 consulatum
1290 1795 1427 1871 gerebat„
1450 1794 1637 1872 persuadet“,
1663 1795 1710 1856 ubi
1735 1796 1764 1862 in
1787 1795 1808 1856 l<

448 1899 633 1976 participium
656 1899 817 1960 succedere
845 1917 904 1960 non
932 1905 1045 1974 potest,
1078 1901 1214 1975 quoniam
1242 1917 1279 1970 ea
1305 1915 1370 1975 res,
1404 1915 1479 1976 quae
1507 1899 1655 1964 sententia,
1680 1896 1802 1958 relatiua

450 2003 597 2065 tutionem
619 2000 715 2076 illam,
739 2020 814 2079 quac
837 2004 866 2062 in
888 2001 980 2062 uerbo
1003 2002 1083 2062 [inito
1107 2003 1262 2076 primariae
1278 2005 1441 2070 sentcntiae
1452 2002 1547 2075 inest,
1571 2001 1689 2062 exstitit.
1734 2000 1767 2063 ln
1790 2019 1813 2060 e:

447 2104 576 2182 neudum
600 2113 644 2167 est
666 2103 737 2167 illud
761 2103 925 2183 exemplum
948 2102 1009 2166 Cat.
1033 2099 1086 2166 31.
1108 2099 1145 2164 ὃς
1179 2113 1259 2181 ‚num
1281 2103 1326 2172 lli,
1345 2104 1460 2173 Tollius
1480 2101 1600 2177 consul,
1633 2106 1696 2166 sive
1726 2121 1815 2180 praes

447 2209 493 2273 itt
514 2215 690 2286 commotus,
720 2210 880 2271 orationem
902 2209 1002 2272 babuit
1023 2207 1199 2280 luculentam
1223 2217 1311 2286 atque
1333 2208 1432 2274 utilem
1455 2210 1498 2270 rel
1522 2207 1675 2292 publicae,
1704 2223 1788 2284 quum
1811 2224 1818 2282 p

449 2307 514 2372 lloo
537 2327 660 2388 quoque
678 2312 706 2370 in
731 2309 866 2388 exemplo
890 2311 953 2370 lieri
975 2318 1167 2386 nonpotest,
1190 2320 1221 2373 ut
1241 2327 1295 2386 pro
1316 2313 1462 2373 sententia
1483 2307 1604 2372 relativa
1627 2311 1807 2386 participium

450 2414 607 2489 utriusque,
624 2416 786 2475 sententiae
810 2421 940 2490 tempora
962 2431 998 2472 ea
1020 2411 1173 2474 intercedit
1189 2412 1310 2490 relatio,
1334 2414 1490 2488 utoratio,
1514 2414 1680 2490 priusquam
1697 2410 1822 2478 seribere

447 2521 496 2577 esi
517 2517 592 2574 ratio
621 2515 706 2592 hujus
734 2515 862 2593 exempli
892 2514 953 2578 Cat.
977 2512 1029 2576 22.
1052 2509 1088 2575 3:
1122 2515 1274 2592 „nonnulli
1298 2515 1363 2579 stota
1385 2515 1510 2576 ethaeo
1532 2514 1673 2586 etmulta
1695 2525 1825 2592 praetere

447 2619 502 2696 qui
524 2615 676 2703 Ciceronis
697 2619 849 2694 iuvidiam,
879 2638 954 2698 quae
975 2626 1077 2698 postea
1100 2627 1164 2678 ortu
1188 2627 1247 2694 est,
1278 2616 1363 2680 leniri
1387 2617 1544 2681 credebant
1567 2621 1719 2681 atrocitate
1742 2616 1827 2681 sceler

447 2719 623 2789 dederunt“.
667 2720 771 2802 Neque
793 2723 829 2784 ab
852 2723 898 2782 his
919 2721 1052 2786 diversus
1075 2733 1119 2785 est
1141 2721 1241 2800 locus,
1268 2723 1318 2799 qui
1341 2721 1448 2798 legitur
1471 2739 1514 2785 or.
1538 2719 1641 2810 Cottas
1664 2719 1699 2784 7:
1730 2723 1830 2797 „itae

447 2826 601 2902 tuebatur,
634 2827 748 2887 minore
771 2843 856 2902 qoam
879 2834 965 2888 antea
986 2826 1187 2904 narigamnsf‘.
1231 2825 1307 2901 Res,
1341 2841 1416 2902 quae
1437 2826 1581 2896 sententia
1610 2823 1730 2894 relatiua
1759 2843 1832 2889 narn

448 2930 608 3006 praeterito
631 2936 779 3006 tempore,
802 2945 862 2988 non
884 2926 922 2988 de
944 2931 1105 3006 praesenti,
1129 2929 1208 3008 quod
1231 2932 1260 2988 in
1282 2925 1376 2998 uerbo
1397 2927 1477 2996 finito
1500 2929 1654 3017 primariae
1677 2930 1835 2994 sententiar

452 3094 454 3102 ,
581 3030 695 3094 Deinde
718 3031 775 3098 hoc
798 3049 919 3110 quoque
939 3035 968 3102 in
991 3051 1101 3110 genere
1129 3033 1226 3092 omnia
1255 3032 1391 3112 example
1419 3027 1609 3109 conprobans
1638 3049 1738 3096 vorum
1766 3030 1795 3093 id
1824 3048 1837 3088 a

448 3135 568 3208 monui,
602 3134 755 3212 participia
778 3135 872 3196 activa
893 3135 1048 3200 uerborum
1071 3136 1214 3196 actionem
1237 3135 1462 3214 significantium
1485 3153 1543 3200 uon
1566 3151 1634 3198 essa
1656 3141 1738 3212 apta,
1773 3152 1839 3211 qua<

452 3237 559 3315 quibus
582 3253 630 3299 res
652 3235 863 3315 intelligendae
886 3246 962 3299 sunt.
1008 3235 1092 3299 com.
1117 3235 1181 3298 (lat.
1203 3233 1256 3300 58.
1283 3234 1338 3299 19ι
1367 3245 1541 3318 „praeterea
1563 3235 1766 3311 necessitudo,
1791 3253 1842 3313 qua

451 3339 553 3406 lacit“.
596 3341 665 3418 bug.
681 3336 713 3401 6.
733 3335 769 3402 3:
792 3350 966 3421 „praeterea
982 3342 1183 3418 opportunitas
1205 3359 1277 3402 suae
1299 3342 1517 3420 liberorumque
1530 3343 1667 3415 ,aetatis„
1682 3358 1758 3419 quae
1780 3341 1844 3400 etiar

447 3441 582 3522 praedae
604 3451 786 3505 transvorsos
810 3443 901 3520 agit“,
947 3439 1010 3504 Cat.
1032 3437 1084 3504 51.
1107 3439 1165 3505 25:
1193 3451 1344 3524 „tempus,
1368 3443 1455 3522 diss,
1470 3444 1601 3520 lunone,
1631 3445 1713 3520 cuius
1727 3441 1836 3526 lubido

449 3541 516 3603 Cat.
539 3540 592 3604 58.
616 3540 672 3606 16:
695 3563 781 3620 „cum
803 3562 898 3620 arma,
921 3544 1027 3624 quibus
1049 3562 1154 3624 corpus
1177 3549 1302 3624 tegitur,
1326 3546 1364 3616 ali
1384 3546 1517 3614 hostilius
1540 3547 1714 3609 arorteris“.
1759 3545 1809 3606 Or.
1832 3545 1849 3604 l

450 3663 535 3725 spem
557 3645 679 3723 bonan,
707 3665 783 3726 quae
805 3656 914 3709 metum
934 3648 1054 3722 rincit“.
1099 3645 1149 3710 Or.
1172 3647 1301 3729 Philippi
1321 3645 1360 3713 8:
1390 3653 1443 3728 „in
1465 3649 1556 3711 latere
1578 3647 1851 3726 uectigaliumnost

452 3751 677 3826 sustentamur“.
720 3750 761 3810 At
782 3759 882 3813 contra
903 3747 1093 3830 tng.tt.1:
1115 3755 1284 3828 „exereitus
1306 3756 1334 3814 ei
1357 3751 1478 3820 traditur
1492 3785 1533 3799 —·-
1550 3769 1652 3838 ¹nequa
1673 3751 1798 3832 periculi
1821 3771 1854 3814 ne

449 3851 522 3915 ltem
545 3853 697 3931 participia
718 3854 889 3929 uerborum,
924 3869 999 3930 quae
1021 3872 1080 3914 non
1103 3855 1249 3917 actionem
1271 3856 1324 3922 sed
1346 3864 1450 3920 statura
1479 3854 1661 3932 significant,
1683 3863 1856 3933 ‚aggregant

451 3958 504 4030 iia,
527 3954 632 4032 quibus
653 3971 702 4025 ras
724 3954 911 4034 denotantur,
934 3955 1110 4019 nominibus.
1154 3955 1216 4016 Huc
1237 3962 1442 4036 pertinentes
1464 3959 1597 4039 inprimis
1619 3961 1786 4038 participia,
1814 3975 1859 4034 qui

451 4058 582 4130 scribunt
604 4058 696 4124 ueluti
718 4059 785 4138 Jug.
808 4059 861 4122 48.
884 4059 914 4124 3.

580 4161 644 4221 lam
666 4179 753 4241 supra
776 4162 836 4227 dixi
858 4165 915 4226 boc
937 4182 1054 4243 quoque
1077 4165 1106 4224 in
1128 4179 1243 4242 genero·
1258 4181 1344 4230 ,usum
1367 4165 1585 4244 participiorum
1613 4161 1864 4240 certisqnibusdr

453 4261 526 4338 blum
553 4263 622 4326 licet
650 4267 679 4328 in
708 4267 894 4344 appositione
922 4283 990 4328 neue
1017 4267 1247 4346 participiorum·
1265 4268 1304 4326 sit
1330 4265 1467 4342 liberior,
1502 4275 1598 4334 tamen
1624 4264 1713 4326 facile
1734 4264 1865 4324 animadv

453 4365 544 4435 multo
567 4367 826 4444 accommodatiora
849 4387 916 4430 asse
939 4388 974 4430 ea
995 4371 1164 4450 partieipia,
1177 4368 1401 4456 :uuaealiquid
1419 4367 1574 4444 denotent,
1597 4366 1849 4446 quodproprium

452 4467 683 4548 adhaerescens,
715 4491 800 4551 utram
828 4491 878 4550 oa,
914 4492 1003 4551 uuae·
1017 4472 1128 4552 aliquid
1156 4471 1339 4562 significent,
1372 4470 1564 4549 qroducunt
1586 4469 1675 4533 modo
1696 4472 1726 4536 in
1749 4488 1782 4531 re
1805 4470 1863 4532 fact

452 4577 664 4656 perspicimus,
687 4579 712 4636 ei
735 4576 879 4654 ejusmodi
902 4576 1036 4656 epompio
1058 4578 1249 4654 attendimus,
1271 4574 1381 4639 ubi.ad
1397 4573 1530 4640 ,eandem
1547 4592 1610 4639 rem
1629 4591 1686 4654 per
1708 4577 1864 4653 appositior

451 4681 553 4759 bicipiti
577 4687 606 4738 et
627 4680 789 4754 sententiae
812 4679 962 4749 relatiuam
996 4678 1048 4747 dc
1070 4677 1339 4762 primum-rubidum.
1358 4684 1519 4746 memoratu
1535 4677 1744 4757 dignissimum
1766 4686 1813 4738 est
1834 4695 1864 4739 or

408 4851 413 4860 ,
452 4784 563 4852 nonni
585 4781 668 4862 plura
690 4799 744 4860 per
765 4783 978 4862 appositionem
1000 4780 1165 4880 adduntur*
1183 4765 1375 4858 lippientem
1397 4779 1579 4862 proferuntur
1601 4779 1778 4860 participiis,
1802 4788 1863 4840 tamt

450 4888 556 4966 bripio
584 4885 779 4964 proferretur,
813 4901 886 4958 ,cum
910 4883 1032 4949 ablativo
1061 4893 1217 4995 pemmo
1244 4905 1263 4966 e
1287 4886 1510 4967 ¹praepositione
1539 4882 1685 4966 pendebit
1701 4891 1792 4970 essct
1824 4899 1863 4943 00³

1776 4999 1810 5053 3*
