4266 5678
1068 549 1088 616 2

192 752 334 814 orationis
357 751 450 812 forma
472 767 530 811 non
554 750 774 830 distinguantur.
830 749 964 812 Omnium
988 753 1064 811 enim
1088 749 1190 812 eadem
1213 751 1307 812 iorma
1330 755 1490 814 eommunis
1513 762 1573 830 est,
1607 755 1670 814 sive
1692 755 1766 815 ratio
1789 765 1834 816 est
1857 757 1964 818 condi·

194 854 317 916 cionalis
339 856 402 915 sive
424 854 549 914 causalis
571 856 633 914 sive
656 872 732 933 quae
755 858 785 916 in
807 857 997 935 oppositione
1020 856 1170 930 consistit,
1193 855 1245 916 sed
1269 858 1395 916 omnium
1413 859 1499 917 etiam
1515 856 1587 917 illud
1603 875 1770 934 commune,
1793 858 1870 937 quod
1885 869 1962 921 tem·

193 959 276 1037 poris
304 959 414 1018 notatio
444 960 473 1018 in
501 959 657 1037 participio
685 975 743 1018 uon
772 959 817 1018 sui
841 959 918 1034 juris
947 965 993 1018 est
1019 957 1071 1018 sed
1099 955 1250 1033 subjuncta
1277 958 1370 1019 verbo
1400 959 1491 1020 linito.
1543 959 1644 1033 Quam¹
1671 962 1720 1038 qui
1748 963 1963 1041 participiorum

193 1059 358 1136 hujusmodi
380 1063 438 1120 vim
461 1061 592 1139 ignorat,
617 1062 641 1120 is
664 1079 702 1121 ne
724 1062 917 1122 membrorum
941 1061 1056 1140 quidem
1079 1077 1185 1122 nexum
1208 1070 1238 1122 et
1260 1064 1367 1122 seriem
1391 1065 1540 1141 totiusque
1563 1065 1702 1123 orationis
1725 1063 1840 1124 modum
1863 1067 1963 1143 perci-

194 1165 265 1242 piet.
310 1163 373 1224 Jam
395 1181 467 1223 vero
490 1162 600 1242 duplici
623 1162 709 1224 modo
733 1165 796 1242 lieri
819 1173 931 1245 potest,
966 1172 997 1224 ut
1022 1166 1175 1246 participia
1197 1169 1316 1248 propria
1338 1165 1421 1226 verbi
1444 1167 1658 1244 significatione
1681 1166 1795 1243 abjecta
1818 1169 1964 1228 nominum

194 1273 325 1328 naturam
347 1266 477 1326 induant.
522 1267 603 1326 Duae
627 1268 703 1326 enim
725 1266 884 1328 relationes
907 1267 998 1328 latent
1021 1269 1051 1326 in
1073 1272 1251 1350 participiis,
1275 1289 1352 1348 quae
1374 1269 1434 1330 dixi
1456 1273 1575 1349 propria
1598 1269 1681 1330 verbi
1703 1272 1732 1329 vi
1748 1272 1833 1350 poni,
1857 1288 1913 1330 una
1928 1268 1964 1329 ad

192 1390 302 1434 nomen
325 1369 459 1448 aliquod,
483 1372 530 1430 cui
552 1388 585 1429 se
608 1369 770 1451 applicant,
793 1371 885 1454 altera
907 1369 944 1430 ad
966 1369 1086 1431 verbum
1111 1372 1236 1450 linitum,
1259 1390 1297 1433 ex
1319 1391 1376 1451 quo
1400 1375 1545 1452 accipiunt
1564 1375 1703 1452 temporis
1718 1374 1961 1434 terminationem.

196 1475 278 1550 Quae
307 1477 395 1553 igitur
422 1476 575 1553 participia
603 1474 678 1534 hanc
704 1474 752 1534 vel
781 1472 860 1534 illam
882 1473 1054 1534 relationem
1077 1485 1200 1552 exuunt,
1234 1495 1270 1537 ea
1292 1477 1374 1537 verbi
1396 1479 1517 1537 notione
1539 1476 1650 1537 sublata
1673 1475 1794 1537 induunt
1816 1478 1962 1536 nominum

195 1588 335 1640 naturam.
378 1577 503 1638 Primum
527 1581 603 1638 enirn
626 1580 825 1658 participium,
850 1577 920 1638 licet
942 1595 1048 1637 nomen
1071 1577 1192 1654 habeat,
1216 1577 1252 1638 ad
1268 1579 1347 1657 quod
1362 1579 1519 1657 referatur,
1542 1587 1639 1638 tamen
1662 1582 1739 1640 omni
1758 1580 1962 1654 conjunctione

193 1701 262 1744 ‚cum
277 1683 368 1748 verbo
383 1681 464 1741 linito
476 1680 643 1742 destitutum
657 1699 725 1742 esse
737 1687 844 1760 potest.
874 1680 966 1756 Hujus
977 1683 1096 1758 generis
1107 1689 1174 1741 sunt
1185 1700 1219 1742 ea
1231 1684 1394 1762 partieipia,
1411 1684 1643 1761 quaesominum
1655 1681 1864 1757 adjectivorum
1875 1691 1962 1742 natu-

32 1766 37 1874 s
152 1792 154 1796 '
194 1804 256 1846 ram
270 1785 400 1845 induunt.
435 1783 614 1862 Quamquam
629 1783 780 1845 sciendum
795 1792 840 1844 est
855 1799 914 1844 non
929 1782 997 1843 ideo
1013 1786 1108 1861 perire
1124 1785 1211 1864 plane
1226 1792 1257 1846 et
1271 1783 1433 1846 oblitterari
1448 1786 1477 1845 ιιι
1493 1786 1534 1844 iis
1545 1787 1685 1864 temporis
1702 1785 1964 1863 significationem

195 1887 281 1949 aliam
304 1889 380 1948 enim
402 1904 527 1947 necesse
549 1895 594 1946 est
616 1888 679 1962 ejus
703 1886 840 1962 adjectivi
862 1889 1011 1948 notionem
1033 1905 1116 1963 esse,
1146 1887 1223 1966 quod
1247 1906 1285 1949 ιιι
1307 1889 1457 1968 praeteriti
1479 1891 1636 1968 temporis,
1665 1889 1751 1949 aliam
1774 1889 1854 1967 ejus,
1884 1887 1963 1968 quod

195 2009 233 2054 ex
260 1991 424 2070 praesentis
451 1991 604 2069 pardcipio
633 1991 734 2051 oritur.
780 1989 862 2063 Quae
889 1989 1042 2052 diversitas
1070 1990 1212 2051 rationem
1240 1990 1330 2052 babet
1356 1992 1385 2051 in
1409 1989 1577 2052 diversitate
1599 1994 1723 2052 actionis
1745 1991 1962 2070 exprimendae.

194 2092 352 2172 lltriusque
380 2094 458 2154 enim
485 2094 630 2172 participii
659 2092 689 2154 id
711 2105 863 2154 commuue
887 2101 946 2170 cst,
981 2093 1060 2172 qued
1082 2102 1185 2154 statum
1208 2096 1330 2156 amicula
1353 2093 1476 2170 alicujus
1498 2105 1682 2174 praesentem
1707 2095 1849 2170 indicant3
1885 2097 1962 2156 actio

195 2205 290 2258 autern
313 2199 376 2277 ipsa
399 2205 448 2258 aut
471 2197 640 2276 imperfecta
662 2206 712 2258 aut
733 2197 863 2276 perlecta
886 2201 1009 2276 cogitari
1033 2205 1147 2276 potest3
1182 2177 1337 2278 participio
1363 2200 1527 2276 praesentis
1549 2197 1693 2259 indicatur
1714 2207 1820 2258 statum
1840 2201 1962 2259 actionis

195 2300 386 2380 imperiectae
408 2319 475 2362 esse
497 2307 697 2380 praesentem,
721 2302 875 2380 participio
899 2301 1021 2382 perlecti
1045 2309 1273 2362 contrectatum
1296 2302 1419 2361 actionis
1442 2301 1601 2380 perlectae.
1646 2301 1759 2362 Deinde
1775 2309 1872 2380 potest
1890 2319 1963 2380 par-

195 2407 326 2486 ticipium
355 2404 390 2466 ab
420 2406 498 2464 omni
526 2402 575 2462 vel
601 2420 634 2462 re
656 2403 705 2462 vel
727 2420 855 2482 persuum
878 2413 1065 2482 segregatum
1087 2412 1116 2464 et
1139 2396 1351 2480 quodammodo
1374 2404 1504 2465 avulsum
1526 2403 1623 2464 induci
1646 2413 1675 2464 ιι
1698 2406 1793 2483 ipsum
1814 2406 1962 2464 notionem

193 2508 243 2570 vel
265 2511 308 2570 rei
331 2507 379 2568 vel
402 2524 552 2586 personae
568 2507 609 2570 ιιι
632 2504 769 2583 induere,
804 2515 836 2565 nt
857 2505 963 2568 ecdem
986 2506 1072 2568 modo
1095 2525 1112 2566 a
1135 2506 1226 2567 verbe
1248 2505 1329 2567 linito
1352 2517 1401 2568 aut
1423 2527 1439 2568 a
1462 2509 1680 2587 praepositione
1703 2507 1801 2587 aliqua
1824 2506 1961 2588 pendeat,

195 2630 253 2691 quo
276 2609 355 2672 illam
376 2629 440 2674 rem
463 2609 511 2669 vel
532 2626 688 2688 personam
711 2608 843 2688 pendere
864 2609 1035 2689 oportebat,
1058 2611 1140 2686 euius
1161 2610 1273 2670 vicibus
1295 2629 1371 2671 nune
1386 2613 1569 2691 participium
1584 2611 1722 2690 fungitur.
1756 2611 1848 2688 Hujus
1863 2628 1963 2688 gene-

193 2717 234 2777 ris
257 2733 292 2778 ea
314 2721 380 2774 sunt
401 2713 570 2792 participia,
594 2727 669 2792 quae
692 2714 840 2774 nominum
863 2713 1106 2778 substantivorum
1129 2721 1258 2774 naturam
1283 2715 1414 2776 induunt.
1444 2749 1448 2761 .
1522 2771 1528 2780 .

324 2815 421 2891 Quare
444 2834 511 2879 eum
533 2833 689 2893 sequemur
711 2815 914 2894 disputationis
937 2815 1084 2892 ordinem,
1106 2825 1138 2876 ut
1159 2819 1213 2878 tria
1233 2820 1449 2898 participiorum
1470 2835 1581 2896 genera
1601 2817 1692 2878 trihus
1706 2816 1962 2878 commentationis

194 2922 337 3001 capitibus
359 2919 648 2998 comprehendamus.
693 2918 790 2980 Primo
810 2921 905 2998 capite
929 2918 965 2980 de
988 2922 1024 2981 iis
1046 2923 1191 2999 agendum
1213 2925 1268 2982 erit
1290 2923 1466 3002 participiis,
1491 2939 1583 3000 quae,
1606 2920 1676 2982 licet
1698 2939 1804 2980 nomen
1826 2918 1961 2994 habeant,

193 3023 230 3085 ad
253 3023 331 3104 quod
354 3023 533 3098 referantur,
556 3030 653 3088 tamen
676 3023 755 3082 omni
778 3022 983 3098 conjunctione
1005 3041 1069 3086 oum
1091 3028 1183 3088 verbo
1207 3027 1288 3086 finito
1312 3024 1448 3086 destituta
1471 3033 1552 3100 sunt,
1575 3025 1615 3084 ιιι
1633 3033 1666 3084 ιι
1681 3023 1785 3084 eodem
1801 3022 1962 3101 modoque

192 3129 310 3189 uomina
332 3127 475 3204 adjectiva
498 3124 666 3204 qualitatem
688 3124 736 3188 vel
759 3127 803 3186 rei
825 3128 874 3188 vel
896 3144 1040 3204 personae
1063 3128 1217 3206 denotent,
1247 3127 1340 3188 altero
1363 3131 1458 3206 capite
1481 3127 1519 3187 dc
1541 3129 1578 3186 iis
1599 3127 1775 3206 participiis,
1799 3143 1874 3203 quae
1897 3143 1961 3184 cum

192 3229 229 3290 ab
253 3233 332 3290 omni
354 3230 403 3290 vel
425 3247 458 3291 re
480 3229 528 3290 ιιι
550 3247 677 3312 persona
699 3239 855 3307 scgregata
883 3234 947 3311 ipsu
975 3235 1121 3294 uodonem
1148 3232 1197 3294 rel
1226 3234 1271 3292 rei
1297 3229 1346 3291 rel
1375 3247 1520 3310 personae
1548 3228 1682 3305 induant,
1716 3247 1770 3308 pro
1797 3228 1961 3288 nominibus

193 3336 378 3396 substantivis
401 3344 561 3416 ponuntur,
595 3337 682 3395 tertio
705 3335 832 3415 denique
854 3340 950 3417 capite
973 3336 1010 3398 de
1033 3337 1069 3396 iis
1091 3336 1266 3416 participiis,
1300 3353 1376 3414 quae
1398 3335 1544 3414 propriam
1566 3333 1649 3394 verbi
1671 3341 1802 3394 naturam
1823 3332 1962 3392 retinent.

192 3440 291 3518 Atque
313 3439 372 3499 hoc
395 3437 512 3516 quidem
535 3436 637 3500 libello
660 3437 698 3498 de
721 3441 757 3500 iis
779 3441 940 3520 participiis
963 3439 1107 3518 agendum
1131 3442 1203 3517 erit,
1227 3457 1302 3520 quae
1324 3447 1390 3499 sunt
1411 3439 1621 3516 adjectivorum
1646 3438 1722 3498 loco.

322 3541 513 3618 Huiusmodi
536 3543 624 3619 igitur
646 3542 813 3622 participia,
837 3562 901 3603 oum
925 3561 984 3604 non
1004 3561 1052 3604 res
1074 3552 1125 3604 aut
1146 3543 1279 3604 homines
1302 3544 1398 3622 ipsos,
1432 3541 1484 3603 sed
1512 3550 1622 3602 tautum
1649 3549 1731 3600 notas
1753 3531 1851 3599 rerum
1872 3543 1961 3615 atque

192 3647 378 3708 animantium
401 3645 583 3724 signilloent,
611 3665 666 3726 per
688 3665 721 3708 se
744 3655 852 3708 certam
874 3650 1023 3707 notionem
1046 3649 1224 3708 constituere
1247 3665 1306 3708 uon
1327 3655 1464 3727 possunt,
1491 3644 1544 3705 sed
1567 3661 1692 3704 necesse
1715 3651 1760 3702 ιιι
1770 3641 1901 3702 accedat
1923 3638 1961 3698 ad

192 3759 279 3812 notae
302 3747 544 3827 significationem
565 3749 651 3812 simul
673 3757 782 3812 certum
811 3748 929 3827 aliquod
958 3767 1054 3810 rerum
1082 3759 1131 3811 ιιι
1158 3750 1306 3811 bominum
1333 3768 1445 3828 genus,
1478 3747 1557 3828 quod
1584 3757 1652 3808 nota
1681 3747 1732 3808 illa
1759 3749 1875 3824 insigne
1904 3754 1960 3806 est.

190 3852 293 3931 ltaque
316 3865 416 3914 eoram
438 3854 483 3914 ιιι
505 3869 539 3912 ac
561 3859 663 3914 natura
684 3853 758 3914 baec
785 3862 846 3930 est,
873 3860 906 3913 nt
927 3871 1022 3932 aeque
1044 3863 1130 3934 atque
1151 3852 1298 3930 adjectiva
1320 3855 1468 3914 notionem
1490 3853 1653 3927 nominum,
1681 3850 1786 3929 quibus
1808 3849 1961 3925 adduntur,

192 3955 407 4034 angustioribus
428 3954 534 4016 linibus
556 3957 803 4020 circumscribant.
846 3955 920 4018 llam
942 3956 1065 4018 ambitus
1086 3959 1237 4017 notionum
1259 3975 1312 4036 pro
1328 3965 1477 4032 notarum,
1500 3972 1571 4033 quas
1592 3953 1816 4031 amplectuntur,
1839 3969 1960 4014 umnam

192 4056 278 4120 latius
300 4061 491 4138 angustiusve
511 4067 607 4138 patet,
629 4078 688 4138 quo
710 4064 802 4138 major
824 4079 960 4122 numerus
982 4069 1114 4121 notamur
1137 4067 1197 4136 cst,
1221 4077 1258 4120 eo
1282 4061 1432 4138 angustius
1453 4059 1533 4118 notio
1555 4056 1652 4118 valeat
1674 4073 1799 4116 necessa
1818 4064 1873 4115 est.
1918 4053 1961 4114 lla

193 4162 270 4223 enim
294 4170 338 4222 ιιι
360 4170 460 4224 natura
483 4179 600 4239 corum,
623 4178 698 4241 quae
719 4164 857 4226 homines
876 4167 1020 4244 cogitant,
1042 4171 1075 4223 ut
1095 4165 1231 4225 notiones
1254 4179 1350 4224 reram
1372 4179 1432 4222 uon
1454 4159 1576 4222 eaedem
1598 4177 1714 4239 semper
1736 4165 1886 4232 maneant,
1907 4155 1961 4215 sed

191 4265 285 4342 magis
307 4266 459 4343 magisque
481 4263 661 4328 excolantur.
709 4266 832 4328 Scilicet
853 4268 1000 4329 bominum
1022 4269 1135 4327 animus
1156 4269 1187 4326 in
1209 4284 1304 4326 rerum
1327 4263 1573 4345 contemplatione
1595 4271 1750 4342 occupatus
1773 4263 1803 4322 in
1825 4258 1961 4337 singulis,

192 4385 267 4447 quae
289 4367 341 4430 sub
364 4385 449 4428 unam
471 4371 621 4430 ιιιιοιιιιιι
644 4368 765 4448 cadunt,
799 4375 903 4434 iterum
924 4369 1140 4447 animadvertit,
1174 4386 1250 4448 quae
1273 4370 1331 4431 sint
1354 4367 1515 4428 dissimilia.
1559 4365 1630 4427 lndc
1658 4367 1704 4443 lit,
1738 4373 1769 4424 ut
1789 4379 1846 4424 una
1868 4363 1963 4439 notio,

191 4487 266 4551 quae
289 4472 382 4549 primo
405 4473 494 4533 menti
516 4471 659 4535 lammae
682 4477 772 4551 inest,
802 4476 832 4535 in
854 4475 954 4554 plures
977 4473 1107 4535 discedat
1127 4481 1225 4552 partes
1246 4471 1296 4532 vel
1317 4473 1451 4550 species,
1478 4473 1509 4531 in
1531 4471 1635 4549 quibus
1657 4467 1763 4529 similia
1786 4475 1853 4528 sunt
1872 4474 1960 4544 atque

191 4572 353 4638 dissimilia.
387 4572 473 4648 Quod
495 4576 522 4634 si
544 4577 574 4636 in
596 4577 706 4656 populo
729 4577 827 4656 aliquo
850 4578 989 4655 obtinuit,
1011 4593 1133 4638 necesse
1156 4580 1202 4636 est
1216 4583 1264 4635 aut
1279 4593 1354 4636 nova
1369 4576 1547 4654 recipiantur
1561 4570 1718 4647 vocabula,
1741 4588 1817 4650 quae
1831 4568 1961 4647 singulas

190 4679 306 4754 species
329 4677 485 4754 ιιιιιοιιιιι,
507 4688 556 4740 ιιι
570 4678 712 4742 addantur
727 4680 889 4759 vocabulo,
912 4696 970 4761 quo
989 4699 1084 4761 genus
1105 4679 1301 4759 significatur,
1325 4697 1379 4740 eae
1401 4687 1503 4754 notae,
1528 4693 1603 4755 quae
1626 4675 1730 4738 desunt
1752 4673 1788 4734 ad
1810 4675 1960 4735 notionem

190 4785 290 4842 ιιιιιι
311 4781 422 4860 speciei
447 4781 632 4861 explendam.
676 4783 767 4864 ldqce
795 4803 898 4846 manns
926 4785 1127 4863 autemnam
1153 4799 1229 4862 quac
1257 4799 1358 4844 eornm
1380 4778 1494 4842 vicibus
1517 4778 1676 4859 iunguntur
1696 4779 1848 4858 participia
1870 4792 1961 4856 prac-

76 4923 85 4929 -
190 4887 284 4959 ιιιιιι,
311 4885 421 4965 qnippe
444 4901 520 4963 quae
541 4900 692 4948 numeram
713 4895 862 4966 ιιοιιιιιιι,
891 4899 968 4967 quae
990 4887 1044 4950 sub
1066 4904 1155 4946 unum
1176 4883 1352 4947 vocabulum
1374 4884 1524 4960 subjectae
1547 4891 1627 4959 sunt,
1653 4891 1784 4961 augeant
1804 4889 1835 4940 et
1856 4897 1962 4940 novam

190 4986 322 5065 apetiam
340 4987 523 5080 ιοιιιιιιιιιιι.
568 4987 669 5068 dique
688 4991 719 5051 in
741 4989 877 5067 adieoeivi
899 4991 997 5052 locum
1017 4999 1079 5051 tots
1098 4990 1246 5050 sententia
1260 4987 1420 5048 succedere
1434 4993 1777 5066 potest,.qnaesemper
1791 4999 1857 5042 esse
1873 4979 1964 5042 debet

189 5088 320 5154 relativa.
364 5088 533 5154 Διιιιιιιιιιι
562 5094 641 5154 eninr
669 5102 715 5156 est
741 5093 869 5156 affinitas
893 5096 970 5158 iuter
996 5093 1141 5171 adjectiva
1170 5103 1200 5156 st
1226 5093 1385 5155 ιιιιιιιιιιι
1413 5089 1559 5150 ιιιιιιιιι.
1609 5089 1664 5150 Sia
1690 5094 1790 5148 contra
1817 5082 1962 5160 adiectivs
