4266 5678
1119 347 1139 415 8

241 555 334 617 sobol.
357 555 470 633 Reisig.
493 570 561 614 aun.
584 547 658 614 527.
702 549 794 612 Multo
817 551 903 612 aliter
924 569 958 612 se
973 568 1021 611 res
1036 549 1124 612 babet
1138 551 1168 611 in
1184 551 1345 631 participiis
1361 548 1532 625 verborum,
1556 567 1632 629 quoe
1647 561 1714 614 sunt
1729 555 1843 633 passiva
1857 565 2015 634 potestate.

242 657 332 718 Verbi
354 660 433 718 enim
456 657 532 718 actio
555 655 592 716 ab
615 656 731 733 origine
753 673 821 731 sua,
844 663 876 716 ut
898 657 937 716 itu
959 651 1069 731 dicam,
1094 656 1211 719 omniuo
1235 662 1369 735 seperate
1392 656 1514 733 cogitari
1532 662 1644 733 potest,
1668 657 1707 716 itu
1723 667 1754 719 ut
1768 658 1889 720 ellectus
1904 669 2014 721 tentum

242 764 306 838 ejus
336 762 461 822 actionis
490 761 519 819 in
549 759 668 820 nomine
695 759 871 838 conspicuus
901 760 955 835 sit,
988 760 1036 818 cui
1063 759 1247 838 perticipium
1275 756 1452 838 adjungitur.
1495 757 1625 818 Effectus
1652 769 1747 821 autem
1775 762 1843 823 talis
1866 781 2015 826 essenon

243 865 345 941 debet,
368 865 418 944 qui
442 864 560 924 omnino
583 859 710 940 pendeat
732 879 770 920 ex
790 859 883 922 verbo
908 861 1005 937 linito,
1027 860 1081 921 sed
1103 861 1170 922 tulis
1192 862 1318 940 cogitari
1340 871 1452 940 potest,
1477 866 1527 942 qui
1542 881 1608 923 cum
1623 864 1699 924 ectio
1714 862 1854 943 subJecti‚
1878 877 2015 946 quaeest

243 971 307 1046 ejus
330 985 427 1044 causa,
451 967 608 1046 praeterita
630 963 776 1045 planeque
798 963 932 1025 absolute
954 965 1007 1041 sit,
1030 974 1126 1026 temen
1149 967 1213 1044 ipse
1235 974 1394 1044 perpetuus
1416 966 1454 1027 sit
1475 984 1509 1027 ac
1525 975 1673 1044 construe,
1695 967 1735 1026 its
1749 975 1780 1027 ut
1795 986 1853 1038 ιιι
1869 989 1906 1030 ex
1920 970 2012 1032 verbo

240 1073 321 1132 linito
349 1069 490 1150 pendeat,
524 1067 578 1129 sed
606 1088 623 1129 ι
650 1068 793 1147 scriptore
820 1075 955 1147 tanquam
983 1066 1157 1144 adjectivum
1180 1069 1289 1128 nomini
1311 1069 1464 1130 tribuetur.
1509 1067 1605 1143 Quare
1628 1070 1834 1150 deponentium
1856 1072 2014 1134 verborum

240 1175 410 1257 participia,
441 1175 578 1252 quoniam
603 1171 739 1234 ellectum
761 1172 883 1232 actionis
905 1171 1085 1249 significant,
1115 1172 1164 1250 qui
1191 1172 1230 1230 ita
1252 1189 1268 1230 a
1291 1174 1412 1252 propria
1433 1190 1485 1233 sua
1507 1191 1593 1235 causa
1618 1184 1647 1235 et
1669 1175 1751 1236 ioute
1773 1183 1900 1235 remotus
1922 1178 2014 1254 eogi-

239 1287 328 1354 tatur,
364 1287 395 1338 ut
417 1279 481 1358 ipse
504 1293 597 1337 novae
621 1275 744 1336 actionis
767 1283 897 1335 naturam
919 1275 955 1335 ab
978 1273 1037 1334 ulio
1060 1273 1192 1352 subjecto
1216 1276 1428 1354 proficiscentis
1457 1277 1572 1354 induet,
1607 1297 1667 1341 non
1697 1279 1781 1340 eliter
1807 1279 1863 1338 uisi
1891 1281 2013 1358 propria

241 1381 324 1442 verbi
346 1382 562 1460 significatione
585 1396 623 1438 ex
644 1378 735 1438 verbo
760 1378 839 1438 linito
862 1377 1019 1456 pendentia
1043 1387 1142 1439 auctor
1164 1378 1304 1440 inducere
1326 1388 1438 1460 potest,
1472 1383 1529 1441 nisi
1558 1381 1633 1443 forte
1656 1380 1833 1461 deponentia
1854 1381 1917 1460 ipsa
1939 1399 2015 1461 pas-

240 1488 303 1546 sivo
326 1503 414 1546 sensu
439 1490 627 1562 usurpantur,
651 1480 679 1542 id
703 1480 783 1560 quod
804 1480 944 1543 Sallustio
967 1483 1182 1543 usitatissimum
1206 1492 1261 1543 est.

370 1587 430 1647 Sed
451 1585 568 1662 redeat,
591 1584 670 1645 unde
693 1584 832 1661 devertit,
856 1586 960 1647 oratio.
1004 1584 1158 1665 Partieipia
1181 1586 1306 1665 perlecti
1322 1587 1449 1666 passivi,
1472 1603 1548 1666 quae
1570 1585 1628 1646 buc
1648 1588 1810 1667 pertinent,
1839 1595 1904 1647 sunt
1926 1587 2014 1648 talia:

241 1689 302 1754 Cot.
319 1687 349 1750 3.
365 1687 402 1753 ⁶2:
425 1687 567 1765 „arduum
588 1687 702 1748 videtur
719 1705 767 1746 res
786 1695 884 1764 gestas
903 1685 1071 1765 scribere“,
1094 1684 1275 1749 Catilii:
1297 1689 1434 1765 „tubulas
1450 1693 1557 1771 pictas,
1580 1708 1650 1751 uase
1665 1689 1776 1752 ceelete
1791 1691 1925 1766 mireri“‚
1950 1689 2013 1754 Cet.

239 1792 292 1856 56.
305 1791 340 1854 3:
356 1792 429 1869 „alii
440 1799 612 1870 praeacutas
624 1790 705 1852 sudis
717 1789 902 1871 portabunt“,
924 1790 992 1870 Jug.
1007 1789 1106 1854 125:
1129 1792 1273 1867 „scrutari
1289 1790 1354 1852 loce
1370 1792 1478 1870 abditu,
1497 1793 1597 1854 clsusa
1611 1794 1801 1872 ellringere“,
1823 1793 1891 1871 lug.
1907 1789 1960 1855 48.
1975 1791 2013 1855 2:

240 1915 315 1977 „per
331 1898 460 1957 tramites
473 1894 642 1972 occultos“,
666 1891 796 1972 rugos.
810 1891 846 1954 7:
868 1896 919 1971 „in
943 1893 1008 1955 loca
1031 1891 1138 1958 munite
1161 1913 1228 1955 sese
1252 1897 1402 1975 recepit“,
1425 1892 1606 1974 tugost:
1629 1914 1737 1975 „quam
1751 1896 1905 1975 plurimum
1916 1905 2013 1976 potest

241 2000 343 2063 domiti
360 2000 509 2080 pecoris.“
552 1998 585 2059 ln
603 1998 736 2058 omuibus
753 1997 841 2076 hujus
858 2000 977 2076 generis
1000 1996 1072 2075 locis
1095 1997 1219 2058 ambitus
1242 2001 1389 2076 notionis,
1411 2001 1459 2059 cui
1481 1997 1609 2059 additum
1630 2009 1677 2059 est
1692 2001 1889 2079 participium,
1913 2019 2012 2080 engu-

241 2105 379 2166 stioribus
401 2101 505 2162 linibus
528 2099 787 2176 circumscribitur,
822 2101 861 2159 ite
884 2107 915 2158 ut
937 2118 975 2159 ex
1003 2097 1115 2161 duabus
1143 2100 1264 2162 vocibus
1292 2101 1378 2162 simul
1403 2103 1514 2177 junctis
1542 2103 1622 2163 notio
1652 2102 1716 2178 iret,
1753 2120 1829 2181 quae
1856 2105 2011 2182 primariae
2124 2169 2125 2174 γ

240 2210 354 2270 notioni
376 2206 527 2285 subjuncta
550 2206 587 2263 eit
608 2212 745 2282 tanquam
767 2204 883 2282 species
905 2203 953 2262 uel
976 2220 1044 2282 pers
1066 2205 1179 2281 generi.
1224 2203 1360 2265 Omnium
1383 2203 1486 2265 boru'm
1508 2207 1726 2285 participiorum
1742 2203 1771 2264 id
1786 2223 1940 2278 commune
1957 2215 2011 2284 est,

223 2311 321 2392 'quod
350 2311 425 2371 actio
455 2307 552 2386 eliqua
583 2309 664 2386 quusi
693 2324 812 2385 egressa
840 2315 1016 2386 potestatem
1044 2307 1168 2385 subjecti
1191 2308 1303 2387 proprii
1327 2315 1355 2368 et
1378 2307 1516 2369 naturalis
1540 2305 1576 2370 a'd
1599 2309 1684 2368 linem
1707 2327 1789 2370 suum
1812 2307 1932 2369 adducta
1956 2319 2011 2385 est,

240 2417 279 2476 ita
301 2422 332 2473 ut
354 2415 465 2492 proprii
488 2411 611 2488 subjecti
634 2410 764 2490 pertibus
787 2409 949 2470 obscuratis
972 2428 1008 2470 ea
1029 2429 1077 2471 res
1100 2420 1225 2486 tentum,
1249 2413 1277 2470 in
1302 2429 1357 2488 que
1380 2413 1507 2472 cernitur
1523 2411 1643 2472 effectus
1657 2410 1737 2472 illius
1753 2413 1888 2488 actionis,
1911 2413 2012 2491 respi-

242 2521 342 2578 cietur.
387 2515 447 2576 Sed
469 2517 597 2576 omnium
620 2515 705 2575 etiam
729 2511 802 2573 illud
825 2529 978 2574 commuue
1001 2523 1060 2590 est,
1094 2513 1172 2592 quod
1201 2522 1380 2574 constantem
1405 2513 1554 2592 quandum⁴
1569 2515 1613 2574 rei
1636 2513 1839 2577 condicionem
1862 2512 2010 2575 denotant.

241 2621 401 2698 Utrumque
430 2629 525 2680 autem
553 2619 713 2679 arctissime
741 2618 816 2678 inter
843 2635 876 2677 se
904 2616 1058 2694 cohaeret,
1092 2631 1156 2676 curn
1185 2616 1214 2676 id
1242 2620 1352 2697 agitur,
1385 2626 1416 2678 ut
1443 2616 1622 2678 audientium
1649 2620 1746 2680 animo
1775 2627 1872 2678 certae
1900 2620 2012 2697 speciei

242 2726 382 2803 cogitatio
406 2723 553 2783 offeratur.

370 2827 443 2888 Nam
465 2827 588 2906 primum
611 2823 744 2902 quidem,
778 2823 803 2882 si
827 2824 892 2902 quis
915 2823 1035 2884 effectus
1058 2821 1093 2882 ab
1116 2824 1232 2884 actione
1255 2832 1353 2884 certae
1375 2842 1521 2904 personae
1544 2824 1692 2886 effluxisse
1720 2827 1913 2903 significatur,
1947 2843 2012 2886 cum

242 2935 284 2994 sic
307 2931 343 2993 ad
367 2931 512 3010 originem
535 2945 615 2988 suam
638 2933 808 3002 reuocetur,
837 2927 900 2987 lieri
923 2945 982 2988 uon
1005 2935 1117 3006 potest,
1147 2935 1178 2986 ut
1206 2930 1231 2989 is
1254 2936 1390 3006 tanquam
1412 2936 1571 3006 perpetuus
1593 2937 1682 2988 stetus
1706 2926 1824 2988 accedet
1847 2927 2013 2988 adnomen

243 3036 347 3096 eodem
364 3033 466 3110 modo,
491 3051 548 3111 quo
564 3030 707 3110 adjectiva
723 3029 901 3107 attributive,
926 3047 1001 3109 quae
1025 3029 1227 3091 condicionem
1250 3031 1444 3091 continuatam
1467 3031 1638 3108 significent.
1683 3030 1803 3091 Scilicet
1824 3030 1903 3112 quod
1925 3047 2013 3108 supra
2066 3043 2072 3054 '

242 3141 340 3198 monui
369 3137 523 3216 participia
549 3133 712 3213 praesentis
740 3134 826 3193 activi
848 3133 885 3193 ad
909 3132 1088 3194 denotandus
1110 3144 1269 3214 perpetuas
1290 3151 1387 3192 rerum
1406 3132 1597 3207 condiciones
1608 3132 1675 3194 ideo
1687 3135 1781 3195 miuus
1793 3131 2013 3195 accommodata

241 3238 345 3318 videri,
368 3238 448 3318 quod
470 3239 614 3298 sotionem
638 3237 816 3315 exprimant,
839 3253 914 3314 quae
936 3238 1057 3316 proprio
1074 3255 1129 3298 suo
1144 3237 1276 3317 subjecto
1292 3234 1449 3312 tribuetur,
1473 3234 1550 3296 idem
1565 3236 1642 3298 cadit
1657 3238 1686 3297 in
1702 3235 1845 3313 ejusmodi
1860 3234 2014 3314 participia

241 3344 366 3424 perlecti
393 3343 517 3423 passivi,
552 3359 675 3419 quorum
704 3340 823 3401 effectus
851 3338 887 3400 ad
917 3341 1061 3402 actionem
1084 3348 1181 3402 certae
1203 3359 1349 3422 personae
1371 3349 1534 3402 revocetur.
1578 3340 1611 3401 ld
1633 3359 1672 3400 ne
1694 3339 1831 3400 aliorsum
1854 3337 2014 3415 accipiatur

242 3456 329 3526 atque
358 3463 416 3525 ego
444 3445 538 3525 accipi
566 3443 652 3520 volo,
682 3446 743 3522 jam
765 3452 891 3503 mentem
914 3461 1007 3504 meam
1029 3445 1059 3504 in
1081 3443 1180 3523 aliquo
1205 3444 1342 3525 exemplo
1365 3445 1527 3506 accuratius
1549 3440 1716 3521 explicabo.
1759 3439 1836 3504 itictr
1857 3438 2011 3505 Sallustius

242 3526 368 3612 cauli.
382 3544 417 3610 6:
439 3545 679 3626 „tabulespictes
690 3546 819 3606 mirari“.
863 3544 896 3604 Si
917 3545 1071 3607 Sallustius
1086 3557 1194 3608 certam
1210 3564 1382 3628 personam,
1406 3565 1422 3606 a
1445 3565 1502 3625 qua
1523 3543 1640 3607 tabulae
1654 3547 1750 3624 pictae
1773 3555 1880 3622 essent,
1903 3544 2010 3606 addere

241 3652 397 3728 voluisset,
431 3654 684 3729 conscripturum
709 3667 774 3710 eum
798 3647 891 3709 luisse
913 3659 1016 3730 putere
1043 3650 1182 3712 debemus
1210 3651 1301 3712 veluti
1330 3648 1444 3710 tabulas
1472 3648 1507 3709 eb
1530 3646 1639 3730 Apelle
1666 3651 1775 3731 pictos,
1807 3648 1860 3710 sed
1888 3648 2009 3724 tabulas,
2124 3695 2125 3748 ἦ

242 3775 314 3836 quas
327 3753 450 3836 Apelles
466 3754 609 3834 pinxerat.
654 3751 773 3815 Scilicet
785 3751 923 3829 „tabulae
945 3754 1062 3832 pictae“
1076 3755 1242 3833 significant
1256 3764 1363 3815 certam
1385 3755 1515 3834 speciem
1538 3752 1714 3827 tabularum3
1736 3754 1781 3813 sin
1799 3771 1869 3813 cero
1884 3767 2010 3832 persona

242 3858 369 3936 additur,
393 3875 452 3919 nou
474 3866 531 3918 tam
554 3865 633 3917 certe
655 3855 817 3916 tabulamm
840 3858 955 3936 species
978 3858 1175 3937 constituitur,
1198 3876 1283 3936 quam
1301 3866 1400 3918 certse
1414 3856 1549 3936 singulae
1564 3855 1679 3916 tabulae
1695 3854 1876 3916 denotantur.
1922 3853 2010 3934 Cujus

176 3995 178 4002 ·
242 3961 285 4020 rei
309 3978 384 4038 quae
407 3963 445 4021 sit
467 3977 569 4034 cause,
604 3975 662 4037 quo
686 3956 799 4016 facilius
823 3960 1031 4038 perspiciatur,
1064 3960 1151 4040 paulo
1176 3960 1261 4022 altius
1288 3970 1332 4021 est
1359 3959 1559 4040 repetendum.
1604 3957 1757 4020 Nominum
1785 3975 1900 4032 eorum,
1934 3975 2011 4035 quae

243 4063 421 4141 grammatici
444 4061 621 4142 appellativa
643 4067 763 4136 vocant,
798 4069 897 4121 natura
921 4079 956 4122 ea
979 4073 1039 4139 cst,
1073 4071 1103 4123 ut
1124 4059 1292 4126 universum
1313 4081 1462 4125 numerum
1484 4072 1632 4139 notarum,
1667 4081 1741 4142 quae
1770 4079 1864 4141 geuus
1891 4061 2011 4140 aliquod

243 4165 420 4227 constituunt
442 4166 563 4244 ejusque
585 4165 734 4224 notionem
757 4165 839 4242 quasi
862 4164 999 4244 implent,
1022 4168 1110 4226 menti
1133 4166 1277 4228 humanae
1300 4166 1432 4228 offerent.
1477 4166 1549 4226 Sunt
1571 4167 1647 4226 enim
1669 4166 1743 4227 haec
1764 4167 1882 4226 nomine
1902 4182 2010 4241 earum,

222 4253 318 4352 'quae
337 4269 398 4344 jem
419 4275 522 4346 suapte
548 4269 578 4327 ri
607 4275 636 4328 et
664 4275 764 4328 ιιιιιι
792 4269 881 4326 menti
909 4267 1050 4329 bumcnae
1077 4272 1190 4346 insunt,
1223 4272 1375 4332 notionum
1402 4273 1486 4348 quasi
1515 4278 1634 4331 externe
1662 4272 1763 4347 signu,
1798 4286 1872 4347 quae
1903 4277 2011 4330 tantum

122 4429 126 4438 .
242 4391 354 4454 ponere
376 4390 449 4452 opus
471 4381 530 4448 est,
563 4379 595 4432 ut
617 4373 658 4447 is,
693 4372 744 4450 qui
766 4368 860 4447 audit,
894 4372 923 4430 in
946 4379 1008 4432 tcto
1031 4373 1204 4454 complexu,
1238 4381 1268 4433 ut
1291 4375 1330 4433 ite
1353 4373 1464 4450 dicam,
1497 4382 1646 4449 notarum,
1675 4389 1748 4451 quas
1771 4372 1851 4432 notio
1873 4370 2010 4432 vocabuli

242 4479 387 4551 continet,
410 4474 533 4535 deiixam
553 4483 679 4536 mentem
700 4481 806 4534 teneat.
841 4471 961 4534 Scilicet
981 4476 1038 4536 nisi
1058 4477 1141 4538 uotio
1164 4474 1288 4552 alicujus
1310 4477 1427 4537 reisu'a
1450 4477 1541 4556 ipsius
1563 4477 1593 4537 vi
1615 4493 1649 4536 ac
1671 4483 1770 4536 nature
1793 4475 1883 4534 menti
1906 4473 2011 4534 buma-

241 4595 297 4640 use
321 4579 410 4653 inest,
440 4594 499 4638 non
521 4584 618 4655 potest
639 4577 681 4653 ie,
710 4578 759 4654 qui
783 4574 876 4652 audit,
900 4575 1000 4653 juberi
1021 4595 1077 4638 ιιι
1099 4596 1164 4639 cum
1186 4597 1261 4640 voce
1284 4581 1493 4658 cogitationem
1516 4587 1657 4640 certamm
1680 4575 1855 4656 quarundam
1879 4587 2012 4639 notarum

242 4685 432 4762 conjungere.
476 4679 540 4742 dam
568 4696 640 4740 vero
669 4678 715 4756 id,
748 4679 828 4759 quod
850 4682 940 4742 menti
962 4680 1104 4741 bumanee
1126 4682 1217 4758 inest,
1251 4699 1308 4742 ιιι
1331 4683 1387 4746 nisi
1411 4682 1611 4761 argumentum
1634 4681 1757 4740 maxime
1780 4678 1922 4759 generale
1944 4695 2012 4738 esse

242 4793 348 4866 potest.
392 4783 465 4844 Nem
487 4783 619 4864 ιιιιιιίι
643 4785 737 4842 omnis
760 4785 884 4844 scientie
906 4783 1030 4846 bumana
1051 4784 1223 4862 principium
1245 4783 1331 4845 ducet
1346 4803 1405 4846 non
1420 4783 1458 4844 ab
1472 4783 1630 4860 universis,
1653 4781 1739 4843 seda
1753 4781 1891 4861 singulis,
1915 4789 2012 4842 tumen

242 4907 344 4952 eorum
364 4894 464 4948 nutura
488 4886 615 4966 intelllgi
639 4895 668 4946 et
689 4886 803 4963 penitus
825 4888 954 4964 perspici
975 4903 1034 4947 uon
1063 4894 1176 4965 potest,
1209 4889 1264 4949 uisi
1295 4887 1455 4949 accesserit
1483 4883 1622 4965 alterum,
1656 4895 1687 4948 ut
1714 4885 1921 4964 perspiciatur,
1956 4900 2012 4962 qua
