4266 5678
207 566 286 628 cudit
244 563 371 627 d.Cat
395 561 446 624 ll.
469 560 505 625 3.
542 565 689 642 „arantis
712 565 855 642 pecuniae
878 563 1004 625 studium
1026 563 1129 642 babet,
1161 583 1246 643 qnam
1268 581 1353 626 semo
1376 567 1495 700 sapiens
1515 569 1710 649 concupivit“
1738 571 1794 630 uisi
1823 569 1902 648 quod
1924 571 1981 631 boc

207 671 237 730 in
261 667 397 748 exemplo
419 667 573 728 relativum
597 674 642 726 est
664 681 732 745 pro:
761 675 814 743 „et
835 667 940 728 hauc“.

336 771 396 831 Sed
418 773 587 851 priusquam
611 767 647 829 ad
669 787 753 829 nsum
776 772 870 849 ipsum
893 779 922 830 et
944 768 981 830 ad
1003 769 1137 850 exempla
1164 771 1329 848 veniamus,
1363 772 1436 832 illud
1459 773 1529 835 nelo
1552 789 1612 836 noa
1634 793 1755 837 monere
1777 776 1980 842 difficillimum

207 877 345 954 idemque
373 876 575 952 gravissimum
604 889 670 932 esse
699 880 788 932 totam
816 873 891 933 banc
918 851 1120 952 quaestionem
1148 874 1253 934 linibus
1282 877 1371 936 certis
1398 880 1603 956 aequanimis
1625 881 1754 958 angustis
1777 883 1980 960 aequanimis

206 981 274 1042 latis
296 975 546 1039 circumscribere.
603 973 674 1036 Nam
697 975 771 1036 tales
794 993 912 1054 quoque
934 976 992 1037 loci
1015 984 1143 1054 exstant,
1178 979 1207 1037 in
1229 977 1335 1056 mribus
1358 995 1424 1038 curn
1445 997 1505 1040 non
1527 981 1646 1042 multum
1669 983 1772 1043 alterat
1795 982 1979 1061 discriminis,

207 1085 270 1144 sive
292 1082 475 1163 participium
498 1079 535 1140 ad
557 1078 730 1140 vccabulum
753 1095 840 1139 unum
863 1082 925 1140 siva
948 1078 983 1140 ad
1006 1088 1095 1140 totam
1111 1083 1344 1143 enunciationem
1361 1083 1514 1162 tradimus,
1539 1103 1647 1166 anceps
1662 1088 1700 1147 sit
1710 1085 1861 1163 judicium,
1884 1096 1978 1149 utrum

206 1187 390 1266 participium
412 1201 467 1263 pro
490 1181 635 1259 adjectivo
659 1200 696 1241 an
719 1198 772 1261 pro
795 1182 886 1242 verbo
916 1181 1017 1242 haberi
1045 1182 1161 1245 debeat.
1206 1183 1417 1265 Nonnunquam
1447 1189 1523 1249 enirn
1551 1191 1704 1270 participia
1731 1189 1854 1251 mediam
1882 1209 1979 1268 quan-

206 1289 272 1352 dam
295 1292 353 1348 vim
375 1287 507 1348 obtinent
528 1288 604 1346 iuter
625 1284 708 1345 verbi
732 1294 761 1344 et
784 1285 919 1362 adjectivi
941 1286 1185 1364 significationem
1207 1296 1297 1367 atque
1319 1292 1358 1350 ita
1382 1289 1515 1369 midam,
1543 1301 1575 1352 ut
1596 1293 1709 1354 intersit
1731 1295 1807 1353 inter
1827 1304 1979 1372 utramque

207 1385 475 1472 interpretationem
498 1389 624 1468 aliquid,
647 1388 700 1448 sed
723 1405 781 1448 non
804 1389 923 1448 multum
946 1397 977 1448 et
997 1385 1072 1465 tule',
1096 1389 1174 1469 qnod
1196 1391 1295 1452 verbis
1317 1395 1367 1452 vix
1389 1396 1512 1473 exprimi
1531 1397 1632 1474 possit.
1677 1395 1740 1457 llcc
1762 1397 1868 1458 clarius
1891 1400 1978 1458 etiam

206 1498 414 1578 perspicimus,
448 1496 472 1552 si
497 1491 641 1570 ejusmodi
665 1491 800 1572 exempla
823 1491 996 1553 attendimus
1017 1491 1099 1552 velut
1121 1491 1184 1554 Cat.
1208 1491 1260 1554 52.
1286 1491 1342 1554 lt:
1369 1515 1428 1571 „ne
1447 1511 1492 1542 s·-
1514 1511 1530 1556 a
1556 1497 1739 1560 multitudine
1761 1500 1903 1561 conducta
1924 1519 1978 1580 per

204 1604 263 1661 virn
287 1597 475 1678 eripiantnr“.
520 1596 587 1675 Jug.
604 1593 656 1656 46.
678 1592 714 1656 6:
737 1599 868 1674 „munito
891 1597 1009 1674 agmine
1031 1595 1199 1658 incedere“.
1244 1597 1311 1675 Jug.
1331 1593 1402 1658 100.
1429 1597 1461 1660 l:
1484 1601 1646 1679 „quadrato
1669 1604 1785 1680 agmine
1809 1605 1977 1666 incedere“.

207 1703 318 1779 Quibus
341 1705 370 1760 in
393 1702 467 1761 locis
490 1700 644 1780 participia
666 1699 802 1776 adjectivi
826 1698 1039 1777 significatione
1061 1703 1156 1777 posita
1179 1717 1246 1760 esse
1268 1700 1417 1780 videatur,
1453 1704 1493 1763 itu
1515 1713 1545 1764 ut
1567 1683 1660 1764 unius'
1672 1705 1808 1766 vocabuli
1830 1709 1977 1768 notionem

207 1807 368 1866 accuratius
391 1803 566 1864 describant.
611 1801 763 1862 Multitudo
788 1803 863 1862 enirn
887 1800 1028 1862 conducta
1051 1803 1196 1880 significat
1218 1812 1327 1863 certum
1349 1821 1443 1882 genus
1466 1806 1626 1883 bominum,
1656 1825 1760 1886 agmen
1786 1811 1926 1870 munitum
1949 1817 1979 1870 et

207 1907 378 1989 quadratum
401 1916 511 1966 certum
533 1923 628 1984 genus
651 1907 785 1984 agminis.
830 1907 964 1965 Attamen
987 1905 1011 1962 si
1029 1914 1109 1964 recte
1125 1905 1343 1966 consideramus
1359 1907 1462 1968 lrorurn
1476 1910 1692 1988 participiorum
1709 1913 1868 1988 rationem,
1892 1912 1977 1972 lacile

206 2015 333 2093 perspici
356 2019 454 2091 potest
476 2029 512 2070 ea
533 2019 651 2088 praeter
673 2009 747 2069 hanc
769 2009 1011 2088 significationem
1034 2008 1120 2070 aliam
1145 2009 1288 2088 mundam
1309 2012 1368 2069 vim
1391 2013 1421 2070 in
1443 2011 1488 2070 bis
1512 2013 1653 2072 orationis
1674 2013 1819 2091 partibas,
1841 2012 1891 2074 ubi
1910 2025 1977 2076 sunt

125 2177 130 2182 ,
205 2118 315 2198 posita,
350 2115 519 2192 acquirere,
554 2115 593 2173 ita
615 2119 646 2171 ut
668 2129 860 2190 agnoscamus
884 2113 1043 2174 naturalem
1066 2111 1149 2175 verbi
1171 2115 1230 2173 vim
1254 2115 1282 2173 in
1305 2115 1341 2173 iis
1363 2131 1422 2174 nou
1445 2117 1608 2176 evanuisse.
1652 2115 1782 2176 Pendent
1804 2118 1881 2176 euim
1904 2117 1977 2178 haec

206 2220 358 2299 participia
381 2215 467 2276 simul
492 2233 529 2276 ex
550 2215 642 2274 verbo
666 2211 748 2275 linito
770 2214 806 2275 ab
830 2235 924 2294 eoque
947 2219 1092 2296 accipiunt
1114 2219 1345 2278 terminationem
1368 2217 1573 2298 temporalem,
1609 2221 1745 2297 qnoniam
1767 2228 1857 2280 status
1879 2223 1975 2299 parti-

207 2323 291 2402 cipiis
314 2319 456 2379 indicatus
479 2328 587 2379 tantum
609 2320 750 2397 temporis
773 2319 860 2380 modo
884 2319 984 2395 durat,
1007 2330 1144 2398 quantum
1167 2323 1245 2380 actio
1266 2319 1351 2380 verbi
1374 2321 1446 2380 liniti
1465 2321 1574 2405 explet.
1618 2321 1976 2395 Quare-interceditinter

206 2423 358 2508 participia
389 2430 418 2482 et
445 2422 566 2482 verbnm
595 2422 705 2481 linitum
733 2421 839 2482 relatio
862 2423 1030 2499 manilcsta,
1065 2441 1140 2500 quae
1162 2423 1257 2501 qualis
1280 2425 1318 2484 sit
1340 2424 1656 2504 facile-perspicimus,
1690 2429 1715 2485 si
1737 2443 1791 2505 pru
1814 2425 1976 2504 participiis

207 2530 292 2592 aliam
315 2527 455 2589 orationis
479 2526 599 2585 lormam
621 2527 766 2605 ponimus.
811 2524 879 2602 lug.
901 2523 953 2585 52.
979 2521 1019 2586 14
1042 2533 1156 2605 poterat
1178 2529 1358 2605 praepositio
1382 2529 1489 2604 omitti,
1520 2537 1550 2587 ut
1571 2528 1688 2588 ablativi
1712 2528 1838 2588 absolmi
1861 2537 1974 2600 essent3

206 2641 342 2714 poterant
366 2632 451 2690 etiam
474 2630 604 2708 separari
627 2630 791 2696 sententiae
813 2630 871 2688 sic:
894 2631 1058 2689 timensne
1080 2626 1231 2689 multitudo
1255 2629 1465 2690 conduceretur
1487 2641 1517 2690 ct
1539 2631 1575 2692 ab
1597 2632 1652 2692 bac
1669 2633 1860 2711 eriperentur.
1904 2629 1975 2690 Inda

207 2744 329 2817 apparet
350 2735 534 2814 participium
557 2734 673 2793 minime
697 2732 834 2808 adjectivi
857 2731 925 2792 loco
949 2747 1024 2792 esse.
1069 2731 1140 2792 ltem
1158 2733 1188 2791 in
1207 2730 1321 2792 duobus
1341 2733 1554 2812 posterioribus
1573 2735 1715 2814 exemplis
1729 2734 1894 2814 participia,
1911 2750 1975 2792 cum

206 2858 260 2922 pro
284 2837 417 2898 ablativis
440 2835 581 2897 absolutis
603 2833 704 2895 haberi
726 2837 853 2914 possint,
878 2837 907 2894 in
930 2837 1090 2894 sententias
1112 2835 1289 2913 temporales
1312 2834 1428 2896 solvere
1451 2835 1529 2897 licet.

335 2940 418 3014 Quae
440 2938 526 3000 modo
550 2938 694 3018 disputata
717 2948 784 2998 sunt
806 2941 875 2999 satis
899 2937 1059 3014 docebunt,
1083 2956 1169 3016 quam
1186 2937 1308 2997 difficile
1323 2941 1404 2999 sitin
1422 2955 1470 3015 ea,
1491 2955 1577 3017 qnam
1592 2940 1779 3015 instituimus,
1803 2939 1976 3017 quaestione

206 3045 280 3105 lines
304 3053 399 3104 certos
423 3046 614 3118 constituere,
638 3052 805 3121 quantaque
828 3044 922 3102 cautio
947 3040 1109 3102 adhibenda
1131 3041 1184 3117 sit,
1207 3058 1244 3099 ne
1267 3041 1336 3100 talia
1355 3039 1580 3117 confundamus,
1604 3050 1727 3118 quaeat
1742 3039 1974 3122 spaciesimilia,

206 3149 246 3209 ita
274 3165 307 3208 re
335 3145 423 3225 plane
453 3147 567 3206 diversa
595 3155 670 3206 sunt.
716 3144 774 3226 Sed
803 3145 899 3206 missis
923 3143 968 3204 iris
990 3145 1161 3221 ambagibus
1183 3143 1220 3203 ad
1242 3146 1442 3222 quaestionem
1465 3151 1551 3224 qu'am
1572 3143 1660 3226 nobis
1681 3147 1887 3226 proposuimus
1908 3143 1975 3202 sel-

205 3248 329 3310 vendam
352 3267 387 3309 ea
409 3257 519 3309 tantum
542 3247 678 3328 exempla
701 3248 917 3326 adhibebimus,
941 3250 971 3307 in
994 3248 1098 3326 quibus
1125 3247 1206 3307 nulla
1228 3246 1370 3309 dubitatio
1392 3247 1494 3309 relicta
1515 3251 1567 3327 sit,
1591 3252 1660 3328 quin
1682 3251 1834 3330 participia
1856 3249 1975 3328 propria

206 3354 362 3440 verberum
385 3354 414 3414 vi
437 3353 550 3413 sublata
574 3353 696 3414 eandem
720 3362 807 3432 atquc
830 3352 975 3428 adjectiva
998 3350 1239 3429 significationem
1262 3349 1398 3412 babeant.

335 3457 416 3517 lianc
439 3475 569 3516 normam
591 3459 616 3516 si
640 3456 844 3532 observamus,
867 3441 973 3536 sponte
995 3456 1095 3516 elucet
1114 3457 1274 3516 sententias
1295 3454 1433 3516 relativas
1456 3456 1520 3531 ejus
1542 3457 1675 3532 generis,
1699 3453 1777 3533 quod
1798 3454 1891 3515 altero
1906 3454 1972 3514 loco

205 3564 307 3645 posui,
341 3547 394 3620 ubi'
418 3576 579 3640 pronomen
608 3558 762 3620 relativum
789 3568 906 3639 praeter
935 3558 1190 3620 demonstrativam
1218 3559 1278 3616 vim
1306 3557 1442 3618 adsciscit
1464 3557 1695 3618 condicionalem
1718 3558 1972 3636 significationem,

206 3669 246 3730 itu
268 3676 300 3727 ιιι
322 3681 422 3726 omnes
445 3681 508 3741 res,
539 3681 614 3742 quae
637 3662 744 3723 cadunt
765 3665 794 3724 in
819 3671 927 3723 certam
949 3663 1093 3742 speciem,
1124 3661 1312 3738 denotentur,
1340 3662 1370 3720 in
1393 3661 1470 3721 bunc
1491 3659 1607 3737 orbern,
1631 3679 1718 3739 quern
1741 3661 1974 3740 circumscripsi·

205 3789 284 3854 mus,
308 3769 440 3839 incidere
462 3785 519 3828 non
543 3783 642 3846 posse.
689 3765 760 3827 llam
783 3769 812 3826 in
836 3766 981 3844 ejusmodi
1003 3765 1077 3827 locis
1099 3768 1154 3826 etsi
1174 3767 1321 3854 scatentia
1344 3763 1469 3824 relativa·
1488 3763 1527 3824 ita
1550 3767 1644 3843 posita
1668 3773 1726 3841 est,
1749 3774 1780 3825 ut
1802 3766 1866 3840 ejus
1880 3765 1924 3822 vis
1940 3777 1974 3821 ac
2075 3761 2077 3766 “

206 3882 335 3953 potestas
357 3872 490 3934 videatur
512 3869 548 3931 ad
572 3885 657 3930 unum
681 3874 727 3932 cui
750 3871 918 3949 adjungitur
938 3887 1044 3930 nomen
1068 3873 1231 3950 pertinere,
1254 3879 1350 3929 tamen
1366 3871 1391 3928 si
1410 3885 1508 3928 veram
1526 3871 1585 3928 vim
1601 3869 1663 3944 ejus
1678 3867 1839 3928 sententiae
1854 3875 1974 3946 specta·-

206 3989 287 4050 mns,
309 3971 442 4034 videmus
465 3974 613 4054 pertinere
636 3975 727 4052 ipsam
751 3989 869 4052 quoqne
891 3971 929 4033 ad
951 3980 1039 4033 totam
1062 3975 1313 4049 enunciationem,
1336 3974 1375 4032 ita
1390 3980 1502 4049 tamen,
1524 3979 1555 4030 ιι
1578 3971 1641 4047 ejus
1662 3974 1706 4030 vis
1729 3979 1884 4050 propterca
1905 3977 1974 4028 tan·

206 4077 354 4140 tummodo
376 4076 413 4137 ad
434 4077 579 4156 reliquam
602 4077 834 4136 enunciationem
856 4075 956 4136 valere
977 4076 1127 4153 videatur,
1156 4075 1234 4154 quod
1257 4093 1321 4151 res,
1357 4093 1434 4154 quae
1456 4075 1486 4134 in
1507 4073 1599 4134 verbo
1622 4075 1703 4135 linito
1725 4073 1878 4155 primariae
1900 4087 1974 4132 sen·-

206 4184 314 4242 tentiae
337 4182 427 4256 inest,
450 4189 564 4258 spectat
586 4179 623 4240 ad
646 4179 721 4268 istud
743 4197 860 4240 nomeu.
905 4177 977 4238 llam
998 4181 1028 4239 in
1051 4178 1194 4255 ejusmodi
1217 4181 1370 4239 sententiis
1392 4177 1656 4258 aliquempiam,
1679 4181 1742 4238 sine
1766 4193 1823 4254 quo
1838 4173 1974 4250 alterum,

207 4284 287 4366 quod
309 4285 338 4343 in
364 4281 456 4342 verbo
485 4282 566 4342 linito
595 4285 780 4358 enunmatur,
813 4291 863 4342 aut
885 4300 953 4342 esse
975 4299 1033 4342 nun
1055 4289 1152 4362 potest
1173 4289 1223 4342 eut
1244 4299 1302 4341 non
1325 4290 1379 4342 est.
1424 4281 1522 4356 Quare
1544 4285 1569 4344 si
1593 4285 1621 4342 in
1642 4281 1743 4342 talium
1766 4281 1974 4340 sententiarum

206 4389 304 4450 locum
325 4387 478 4467 participia
499 4385 713 4462 substituimus,
737 4402 772 4447 ea
795 4403 849 4466 pro
871 4388 935 4446 veri
957 4387 1081 4446 ncndnis
1103 4386 1265 4466 participiis
1284 4383 1408 4461 habene,
1429 4386 1456 4444 si
1479 4403 1537 4446 nou
1560 4403 1633 4464 opus
1656 4392 1717 4459 est,
1740 4390 1871 4442 atcerte
1893 4380 1973 4441 licet.

207 4490 266 4550 Sed
294 4490 382 4552 liccat
408 4487 480 4548 mibi
508 4489 643 4568 exemplo
672 4492 724 4552 ιιι
770 4489 872 4567 biber,
907 4505 993 4568 quem
1015 4488 1171 4550 Sallustius
1193 4487 1230 4548 de
1253 4489 1455 4563 conjuratione
1475 4487 1618 4548 Catilinae
1639 4487 1771 4567 scripsit,
1804 4487 1907 4566 incipit
1928 4483 1974 4544 bis

206 4591 321 4664 verbis:
344 4594 460 4671 „curuis
475 4592 624 4668 homiues,
648 4596 698 4671 qui
720 4611 787 4654 sese
809 4577 926 4654 student
946 4602 1095 4673 pracme
1117 4593 1224 4652 οιιιιιι
1243 4590 1435 4668 animalibus,
1458 4607 1568 4650 summa
1591 4607 1647 4668 ope
1669 4591 1722 4649 niti
1744 4588 1861 4651 decere
1906 4587 1973 4662 Quo

207 4693 325 4774 quidem
347 4698 376 4756 iu
399 4697 466 4758 loco
488 4696 631 4757 sententia
653 4693 783 4756 relativa
799 4694 871 4756 nihil
894 4697 951 4757 sibi
971 4695 1035 4757 rult
1054 4697 1112 4756 nisi
1134 4705 1165 4756 nt
1185 4711 1292 4757 acmen
1313 4699 1423 4776 ipsum,
1458 4696 1504 4754 cui
1527 4695 1661 4774 apposita
1687 4703 1747 4771 cst,
1781 4699 1916 4752 scemate
1945 4699 1975 4752 ct

207 4798 345 4860 distincte
367 4787 532 4878 deiciatur,
558 4801 597 4861 ita
620 4806 651 4860 ut
673 4808 772 4860 certus
792 4799 905 4879 speciei
926 4802 1008 4859 notio
1029 4803 1149 4863 oriatur.
1193 4799 1333 4860 llomines
1355 4801 1406 4877 qui
1428 4815 1495 4859 sese
1518 4797 1635 4859 student
1655 4805 1805 4878 praestare
1828 4792 1975 4872 quodam·-

207 4901 295 4964 mcdc
324 4911 507 4981 opponuntur
534 4901 723 4979 bominibus,
745 4886 893 4981 patuere
919 4920 979 4964 non
1004 4903 1123 4965 student
1148 4913 1315 4984 praestare,
1347 4901 1396 4962 vel
1425 4900 1463 4962 dc
1489 4901 1526 4962 iis
1547 4909 1656 4963 tantun
1678 4899 1804 4962 muium
1827 4896 1974 4958 lucerinum
