4266 5678
285 1412 445 1551 Nondum
467 1497 545 1548 mota
568 1487 703 1566 quaestio
728 1491 789 1562 est,
814 1485 946 1576 quampis
968 1485 1086 1544 minime
1109 1486 1147 1544 sit
1168 1483 1277 1546 inutilis
1300 1487 1351 1562 iis,
1375 1487 1425 1564 qui
1447 1484 1496 1544 rel
1519 1485 1576 1565 ipsi
1594 1483 1684 1544 latine
1699 1482 1828 1544 scribunt
1841 1481 1891 1542 vel
1906 1483 1957 1559 eju.

286 1599 444 1672 praecepta
467 1592 532 1653 aliis
554 1589 686 1665 traduat,
711 1587 748 1648 de
764 1587 949 1663 discrimine,
973 1586 1053 1666 quod
1068 1586 1230 1648 intercedat
1244 1589 1321 1648 inter
1335 1590 1487 1668 participia
1503 1595 1532 1648 et
1545 1589 1705 1648 sententias
1719 1584 1915 1647 secundarius.
1953 1593 1959 1653 ι,
1977 1615 1978 1618 ¹

285 1696 359 1757 uitur
382 1698 474 1771 enim,
498 1703 592 1756 utrum
615 1691 709 1754 lilrera
732 1693 869 1770 scriptori
892 1692 1039 1772 legendae
1058 1687 1223 1754 ‘structurae
1246 1694 1325 1772 optio
1349 1691 1415 1752 data
1436 1693 1475 1752 sit
1496 1709 1533 1752 au
1556 1709 1593 1752 err
1614 1693 1659 1754 rei
1682 1692 1822 1768 cujusque
1841 1695 1980 1750 naturali

286 1801 342 1859 sita
364 1799 535 1859 necessitas.
579 1795 678 1873 Atque
698 1797 878 1873 grammatici
901 1797 1035 1876 quidem,
1070 1798 1095 1856 si
1119 1798 1168 1874 qui
1191 1796 1265 1856 hauc
1287 1797 1486 1874 quaestionem
1509 1793 1638 1856 breviter
1663 1796 1836 1872 attigerunt,
1870 1791 1935 1853 lere
1977 1813 1980 1854 r

286 1904 325 1963 ita
348 1909 516 1976 versantur,
550 1907 581 1959 ut
609 1898 682 1960 nihil
705 1909 840 1962 curantes
864 1903 1014 1962 notionum
1037 1907 1171 1962 accurate
1194 1897 1375 1959 definitarum
1397 1900 1635 1978 perspicuitatem
1658 1896 1828 1958 delabantur
1850 1893 1886 1955 ad
1908 1915 1980 1958 rertt

285 2005 440 2066 verborum
468 2002 600 2084 pondera
630 2002 824 2080 aestimande,
863 2021 984 2082 quorum
1014 2003 1122 2063 nullam
1147 2005 1208 2080 jum
1238 2019 1400 2064 mensuram
1427 2002 1550 2079 habeut,
1588 2004 1643 2062 uisi
1677 2020 1761 2081 quam
1790 2020 1843 2063 suo
1871 2001 1980 2062 arbitrtu

287 2107 413 2171 obscuro
442 2106 567 2186 quodam
596 2123 684 2169 seusu
712 2113 822 2187 petunt.
868 2105 929 2165 Sed
956 2106 1090 2186 prolecto
1118 2106 1149 2165 in
1177 2105 1229 2166 tali
1257 2123 1344 2166 causa
1373 2115 1460 2186 caput
1488 2114 1532 2166 est
1560 2104 1597 2166 de
1624 2105 1742 2183 liuguae
1765 2105 1881 2185 legibus
1902 2122 1967 2183 quat

288 2228 360 2290 quas
383 2210 533 2271 observari
557 2218 587 2270 et
609 2209 749 2272 illustrari
771 2226 897 2270 necesse
923 2218 983 2286 est,
1005 2227 1063 2269 non
1086 2211 1155 2270 iteun
1178 2227 1267 2288 agere
1290 2209 1327 2270 de
1349 2208 1517 2288 elegantiae
1532 2225 1615 2285 cura,
1639 2227 1714 2288 quae
1734 2217 1832 2289 potest
1847 2227 1900 2290 pro
1916 2209 1980 2294 cuju

287 2312 408 2374 arbitrio
431 2315 526 2390 maior
547 2314 678 2380 minorue
701 2329 778 2373 esse.
824 2310 921 2384 Quare
944 2329 1054 2392 operae
1074 2315 1199 2392 pretium
1221 2329 1268 2373 me
1291 2311 1433 2373 iacturum
1457 2315 1569 2392 putari,
1593 2316 1618 2374 si
1641 2312 1716 2374 hauc
1738 2315 1939 2392 quaestionem
1962 2330 1980 2390 p

288 2415 354 2475 lieri
376 2415 481 2476 libello
505 2424 673 2492 tractarem,
696 2423 727 2476 et
742 2431 817 2494 quac
832 2417 863 2475 in
879 2432 914 2477 ea
936 2415 1163 2494 agrammatieis
1185 2423 1235 2476 aut
1249 2416 1356 2475 omissa
1378 2413 1466 2494 plane
1481 2422 1529 2475 aut
1546 2433 1604 2476 nou
1627 2419 1697 2476 satis
1718 2425 1800 2477 recte
1822 2415 1925 2478 tradita
1948 2433 1980 2476 eo

289 2527 426 2597 quantum
449 2519 512 2580 lteri
535 2527 651 2600 posset,
673 2517 731 2584 rel,
745 2515 884 2579 adderem
906 2517 955 2579 rel
978 2519 1167 2596 corrigerem.
1205 2517 1290 2591 Quod
1312 2539 1383 2582 vero
1406 2535 1465 2579 non
1488 2517 1525 2580 de
1548 2521 1763 2600 participiorum
1784 2539 1838 2581 usu
1853 2520 1930 2601 apud
1944 2523 1980 2583 Ru

289 2638 345 2681 nos
368 2623 397 2681 in
419 2624 602 2700 universum,
636 2622 688 2683 sed
712 2616 788 2701 apud
810 2621 907 2682 solum
929 2621 1097 2682 Sallustium
1120 2623 1318 2700 quaerendum
1340 2624 1454 2704 putavi,
1490 2622 1519 2684 id
1547 2621 1658 2684 duabus
1682 2623 1718 2683 de
1741 2626 1837 2684 causis
1865 2622 1972 2686 lactum

234 2783 237 2795 ,
288 2723 416 2785 Primum
444 2727 521 2784 euim
549 2734 669 2805 propter
698 2735 838 2805 uagusms
866 2725 955 2802 lrues,
990 2724 1094 2802 quibus
1121 2724 1169 2786 lric
1196 2715 1314 2786 libellus
1342 2727 1511 2788 necessario
1538 2727 1718 2803 continetur,
1751 2745 1809 2787 aon
1838 2725 1945 2788 licebat
1974 2747 1980 2808 p

289 2827 453 2889 admittere.
498 2827 569 2888 'lum
587 2830 702 2890 etiamsi
717 2829 862 2905 licuisset,
886 2829 951 2907 ipse
973 2826 1143 2888 noluissem.
1188 2829 1260 2890 Nam
1282 2829 1333 2891 illa
1355 2830 1446 2890 altera
1471 2829 1508 2890 de
1530 2830 1748 2910 participiorum
1771 2847 1825 2890 usu
1848 2829 1924 2908 apud
1947 2829 1980 2890 llt

289 2949 344 2992 nos
367 2933 500 3010 quaestio
523 2951 581 2993 non
604 2940 712 2994 tautum
735 2931 876 3013 implicita
899 2940 944 2992 est
966 2937 1052 3009 atque
1075 2931 1133 2992 late
1155 2940 1247 3013 patet,
1281 2932 1334 2994 sed
1361 2951 1427 2993 meo
1456 2931 1573 3011 quidem
1591 2930 1703 3008 judicio
1726 2949 1786 2992 uon
1808 2941 1888 2992 recte
1910 2933 1946 2995 ad
1970 2935 1980 2994 l

289 3035 410 3116 perduci
432 3039 539 3115 poterit
561 3040 618 3098 nisi
640 3040 836 3117 praecesserit
857 3055 910 3115 ea,
933 3055 1019 3117 quam
1042 3035 1100 3098 hoc
1122 3037 1189 3097 loco
1212 3039 1362 3098 instituere
1384 3035 1455 3096 milri
1479 3038 1508 3096 in
1531 3038 1626 3096 auimo
1649 3044 1709 3112 est,
1732 3033 1808 3116 apud
1824 3053 1911 3097 uuum
1926 3041 1980 3098 scri

290 3157 351 3200 rern
375 3147 510 3200 accurata
538 3139 716 3202 observatio.
761 3141 811 3202 Sic
840 3143 916 3201 enim
946 3149 1119 3218 argumento
1148 3139 1350 3220 disputationis
1379 3141 1546 3219 proposito,
1581 3138 1659 3218 quod
1688 3141 1775 3200 certis
1804 3141 1899 3219 iisque
1926 3159 1980 3220 ang

291 3241 396 3303 linibus
425 3244 673 3323 circumscriptura
701 3253 761 3320 est,
796 3261 915 3324 sperare
944 3242 1014 3303 licet
1043 3242 1123 3318 lore,
1157 3251 1188 3302 ut
1215 3251 1293 3304 certa
1322 3241 1464 3321 quaedam
1492 3240 1679 3304 fundamenta
1706 3259 1812 3302 causac
1841 3247 1980 3305 constitua

291 3343 379 3405 Certe
402 3346 600 3426 exemplorum
624 3345 777 3407 multitudo
800 3345 1025 3424 intelligentiam
1047 3364 1106 3406 aon
1129 3345 1277 3424 impediet.

421 3449 481 3510 Sed
503 3448 539 3510 ad
563 3468 625 3510 rem
648 3451 826 3530 propositam
849 3447 1017 3528 aggredior.
1062 3447 1318 3510 Grammaticorum
1342 3466 1523 3510 communem
1546 3448 1720 3510 sententiam
1742 3467 1808 3510 esse
1831 3459 1957 3511 constat:

291 3550 421 3628 ticipium
445 3569 511 3613 csse
533 3552 707 3630 adjectivum
729 3551 898 3630 relativum,
929 3551 1007 3630 quod
1023 3554 1069 3613 'itu
1092 3551 1207 3613 diderat
1228 3551 1264 3613 ab
1287 3551 1431 3629 adiectivo
1454 3551 1583 3630 vulgari,
1609 3561 1641 3614 ut
1663 3571 1722 3612 aon
1744 3553 1940 3614 continuatam
1963 3573 1981 3632 q

292 3652 357 3714 dam
384 3653 428 3712 rel
456 3655 661 3717 condicionem
687 3657 736 3718 vel
763 3664 868 3717 statum
896 3654 1020 3732 iudicet,
1057 3654 1110 3716 sed
1144 3655 1339 3717 tautummodo
1372 3654 1522 3734 singulare
1549 3653 1660 3735 aliquid
1688 3659 1828 3736 temporis
1856 3659 1980 3717 termina

291 3755 451 3817 delinitum.
495 3757 651 3820 Sciendum
675 3768 770 3820 tamen
792 3777 884 3839 saepe
907 3758 1029 3820 alterum
1053 3760 1082 3819 lu
1105 3757 1226 3819 alterum
1256 3766 1355 3819 mutuo
1383 3759 1522 3834 transire,
1558 3760 1578 3817 't
1622 3765 1655 3817 ut
1683 3767 1713 3819 et
1740 3760 1892 3838 participia
1919 3765 1976 3817 tem

290 3857 505 3936 significatione
528 3860 642 3922 sublata
666 3863 696 3922 iu
719 3863 1047 3923 meramalrsolutorum
1071 3861 1281 3938 adjectivorum
1302 3863 1360 3922 viur
1383 3860 1489 3923 abeant
1511 3749 1725 4025 dssaeotque
1747 3863 1790 3922 rei
1812 3867 1916 3920 statum
1934 3860 1980 3920 alit

289 3959 338 4021 vel
362 3959 564 4023 condicionem
586 3973 758 4045 perpetuam
782 3982 816 4024 ac
838 3974 1018 4026 constantem
1042 3973 1071 4024 et
1093 3964 1236 4041 adjectiva
1257 3965 1376 4045 propria
1399 3973 1499 4026 natura
1543 3967 1656 4046 aposita
1678 3966 1821 4025 actionem
1837 3961 1980 4041 aliquam*

291 4075 358 4125 cent
381 4083 504 4144 eamque
525 4084 584 4127 noa
607 4077 796 4148 perpetuam,
829 4067 883 4129 sed
905 4070 1045 4149 temporis
1069 4066 1174 4129 linibus
1197 4069 1453 4147 circumscriptam.
1499 4065 1584 4130 Gaul.
1608 4067 1730 4129 llaasius
1753 4067 1782 4126 iu
1805 4073 1903 4127 auuot.
1926 4066 1962 4127 ad

291 4170 360 4246 alpii
382 4169 476 4232 schol.
501 4168 537 4230 de
559 4169 632 4250 ling.
656 4170 718 4233 Lat.
742 4190 810 4252 pag.
833 4169 906 4232 741.
952 4169 1034 4245 Quae
1062 4189 1127 4231 curn
1156 4172 1195 4230 ita
1223 4171 1296 4248 siut,
1331 4169 1389 4232 duo
1412 4173 1529 4232 omniuo
1552 4172 1770 4252 participiorum
1792 4186 1903 4249 genera
1926 4188 1980 4230 acc

290 4279 358 4332 suut
380 4273 589 4353 disjungendm
623 4273 744 4334 altemm
767 4275 913 4354 propriam
935 4273 1017 4334 verbi
1040 4280 1215 4353 potestatem
1237 4276 1358 4350 retinet,
1384 4274 1481 4354 perdit
1503 4273 1626 4336 alterum
1647 4275 1706 4332 vim
1727 4271 1810 4333 verbi
1834 4281 1863 4332 et
1884 4273 1921 4334 ad
1944 4292 1980 4333 uo

289 4373 473 4437 transfertur.
518 4375 636 4436 llaximi
664 4379 804 4437 momenti
834 4376 967 4457 proiecto
997 4375 1071 4436 lraec
1094 4375 1241 4438 distinctio
1264 4384 1318 4438 est.
1363 4376 1405 4438 Ea
1434 4379 1526 4453 enim,
1561 4393 1635 4454 qaae
1664 4392 1722 4437 aon
1750 4379 1813 4438 reri
1841 4378 1965 4438 nominis

286 4477 463 4560 participia,
499 4479 528 4538 in
551 4477 691 4558 qualitate
713 4480 799 4539 unius
821 4481 947 4545 nominis
970 4476 1135 4538 delinienda
1158 4482 1355 4558 acquiescunt.
1400 4478 1481 4552 Quae
1504 4487 1604 4540 contra
1627 4481 1777 4560 participia
1798 4478 1882 4540 verbi
1903 4480 1963 4538 vim

286 4587 379 4656 nent,
403 4595 454 4655 ea,
477 4585 592 4642 tametsi
614 4600 668 4663 per
690 4599 724 4642 se
746 4581 854 4643 nullius
877 4581 1026 4660 dignitatis
1049 4599 1161 4661 neque,
1184 4593 1215 4644 ut
1230 4587 1268 4646 ita
1283 4583 1395 4661 dicam,
1418 4583 1557 4659 suijuris
1578 4590 1659 4660 suut,
1682 4591 1779 4644 tamen
1801 4584 1830 4643 in
1851 4582 1940 4642 totius
1963 4598 1980 4643 e

285 4683 430 4748 clationis
453 4688 668 4747 constructione
689 4688 785 4766 posita
807 4685 1012 4748 vehementem
1034 4682 1160 4764 aliquam
1182 4689 1241 4748 vim
1262 4686 1371 4748 habeut
1398 4694 1428 4746 et
1449 4687 1621 4767 permultum
1644 4686 1754 4748 iaciunt
1776 4683 1812 4745 ad
1834 4701 1950 4746 sensum
1972 4694 1980 4746 ι

284 4787 456 4851 sententiae
485 4784 703 4850 moderandum.
747 4788 833 4850 llatio
861 4791 953 4866 enim,
988 4807 1063 4868 quae
1092 4789 1275 4852 intercedere
1303 4795 1401 4871 potest
1427 4790 1508 4850 iuter
1534 4789 1677 4866 ejusmodi
1704 4788 1857 4868 participia
1884 4797 1914 4849 et
1940 4772 1980 4848 re

285 4889 421 4966 linitum,
444 4896 488 4950 tot
509 4907 622 4968 genera
645 4890 844 4970 amplectitur,
872 4900 942 4972 quot
965 4895 1086 4954 omniuo,
1105 4891 1287 4955 intercedere
1310 4900 1431 4972 possunt
1453 4893 1529 4954 inter
1551 4891 1623 4954 duaa
1645 4892 1790 4968 actiones,
1819 4891 1858 4952 ita
1880 4890 1980 4952 scilice

1641 5009 1655 5061 1
